<!DOCTYPE html><html class="js-focus-visible" lang="de" data-js-focus-visible=""><head><meta charset="utf-8"><link rel="preload" href="/static/vendor-c5acfc368e0a49653926.js" as="script" nonce=""><link rel="preload" href="/static/app-e643dbfaffe4715756a3.js" as="script" nonce=""><link rel="preload" href="/static/assets/merriweather-v19-cyrillic_latin-300-e5c057646daa77bb0e8a.woff2" as="font" type="font/woff2" crossorigin="anonymous"><link rel="preload" href="/static/assets/merriweather-v19-cyrillic_latin-regular-eeeabcc3ae9429402a38.woff2" as="font" type="font/woff2" crossorigin="anonymous"><link rel="preload" href="/static/assets/merriweather-v19-cyrillic_latin-700-ec700c29e70eade18aeb.woff2" as="font" type="font/woff2" crossorigin="anonymous"><link rel="preload" href="/static/start-929cf3f1d3eb26681b3e.js" as="script" nonce=""><link rel="preload" href="/epages/6390bf67-3db7-4989-81d2-fd1d1df38751.sf?ViewAction=UnityViewFacebookBusinessPixelCode" as="script" nonce=""><link rel="preload" href="/epages/6390bf67-3db7-4989-81d2-fd1d1df38751.sf?ViewAction=UnityViewRegisterSessionScript" as="script" nonce=""><link rel="preload" href="/epages/6390bf67-3db7-4989-81d2-fd1d1df38751.sf?ViewAction=UnityViewAddToWishlistScript" as="script" nonce=""><link rel="preload" href="https://consent.cookiefirst.com/banner.js?cookiefirst-key=2662917d-e30f-429e-a01a-7a4e289a6314" as="script" nonce=""><link rel="preload" href="https://cdn.hyj.mobi/d/epages.js?cid=9422" as="script" nonce=""><meta name="viewport" content="width=device-width,initial-scale=1"><title>Madavanilla - Vanille und Gewürze aus eigenem Anbau</title><link rel="icon" type="image/png" sizes="16x16" href="/storage/images/logopng.png?hash=149ac704539e888f0788c7456c25027a58401e58&amp;shop=6390bf67-3db7-4989-81d2-fd1d1df38751&amp;width=16&amp;height=16"><link rel="icon" type="image/png" sizes="32x32" href="/storage/images/logopng.png?hash=149ac704539e888f0788c7456c25027a58401e58&amp;shop=6390bf67-3db7-4989-81d2-fd1d1df38751&amp;width=32&amp;height=32"><link rel="icon" type="image/png" sizes="96x96" href="/storage/images/logopng.png?hash=149ac704539e888f0788c7456c25027a58401e58&amp;shop=6390bf67-3db7-4989-81d2-fd1d1df38751&amp;width=96&amp;height=96"><link rel="apple-touch-icon" sizes="180x180" href="/storage/images/logopng.png?hash=149ac704539e888f0788c7456c25027a58401e58&amp;shop=6390bf67-3db7-4989-81d2-fd1d1df38751&amp;width=180&amp;height=180"><script src="https://connect.facebook.net/signals/config/889771711696085?v=2.9.152&amp;r=stable&amp;domain=madavanilla.de&amp;hme=c3a545c63044e8e9102d4f32d84a1137594d024f28e801d670bc76dc5c075575&amp;ex_m=67%2C112%2C99%2C103%2C58%2C3%2C93%2C66%2C15%2C91%2C84%2C49%2C51%2C158%2C161%2C172%2C168%2C169%2C171%2C28%2C94%2C50%2C73%2C170%2C153%2C156%2C165%2C166%2C173%2C121%2C14%2C48%2C178%2C177%2C123%2C17%2C33%2C38%2C1%2C41%2C62%2C63%2C64%2C68%2C88%2C16%2C13%2C90%2C87%2C86%2C100%2C102%2C37%2C101%2C29%2C25%2C154%2C157%2C130%2C27%2C10%2C11%2C12%2C5%2C6%2C24%2C21%2C22%2C54%2C59%2C61%2C71%2C95%2C26%2C72%2C8%2C7%2C76%2C46%2C20%2C97%2C96%2C9%2C19%2C18%2C81%2C53%2C79%2C32%2C70%2C0%2C89%2C31%2C78%2C83%2C45%2C44%2C82%2C36%2C4%2C85%2C77%2C42%2C39%2C34%2C80%2C2%2C35%2C60%2C40%2C98%2C43%2C75%2C65%2C104%2C57%2C56%2C30%2C92%2C55%2C52%2C47%2C74%2C69%2C23%2C105" async=""></script><script async="" src="https://connect.facebook.net/en_US/fbevents.js"></script><script async="" src="https://www.googletagmanager.com/gtm.js?id=GTM-PMPPCJK"></script><script nonce="">(function(w,d,s,l,i){w[l]=w[l]||[];w[l].push({'gtm.start':
new Date().getTime(),event:'gtm.js'});var f=d.getElementsByTagName(s)[0],
j=d.createElement(s),dl=l!='dataLayer'?'&l='+l:'';j.async=true;j.src=
'https://www.googletagmanager.com/gtm.js?id='+i+dl;f.parentNode.insertBefore(j,f);
})(window,document,'script','dataLayer','GTM-PMPPCJK');</script><link data-chunk="app" rel="stylesheet" href="/static/app-af6fd1e660adfe442414.css"><link rel="stylesheet" id="themeStylesheet" href="/themes/epages.essence/stylesheets/classic.css?settings=%7B%22colors%22%3A%7B%22accentColor%22%3A%22rgb(69%2C%20137%2C%20179)%22%2C%22borderColor%22%3A%22rgb(29%2C%2029%2C%2029)%22%2C%22footerBackground%22%3A%22rgb(240%2C%20239%2C%20239)%22%7D%2C%22fonts%22%3A%7B%22headingFont%22%3A%22Merriweather%2Cserif%22%2C%22textFont%22%3A%22Merriweather%2Cserif%22%7D%2C%22logoAdjustments%22%3A%7B%22alignment%22%3A%22left%22%2C%22spacing%22%3A30%2C%22sizing%22%3A59%7D%2C%22themeHeader%22%3A%7B%22headerType%22%3A%22essence%22%7D%2C%22customStyle%22%3A%7B%22customCss%22%3A%22%22%7D%7D"><script src="/static/start-929cf3f1d3eb26681b3e.js" nonce=""></script><script src="/epages/6390bf67-3db7-4989-81d2-fd1d1df38751.sf?ViewAction=UnityViewFacebookBusinessPixelCode"></script><script src="/epages/6390bf67-3db7-4989-81d2-fd1d1df38751.sf?ViewAction=UnityViewRegisterSessionScript"></script><script src="/epages/6390bf67-3db7-4989-81d2-fd1d1df38751.sf?ViewAction=UnityViewAddToWishlistScript"></script><script src="https://consent.cookiefirst.com/banner.js?cookiefirst-key=2662917d-e30f-429e-a01a-7a4e289a6314"></script><script src="https://cdn.hyj.mobi/d/epages.js?cid=9422"></script></head><body class=""><noscript><iframe src="https://www.googletagmanager.com/ns.html?id=GTM-PMPPCJK" height="0" width="0" style="display:none;visibility:hidden"></iframe></noscript><div id="app"><div class="ep-storefront-wrapper"><div class="xhr-loading-bar" style=""></div><div class="body header-type-essence"><div class="container"><section class="section section-usp"><div class="wrapper"><div class="header-usp mobile-view"><div><div class="swiper-container swiper-container-initialized swiper-container-horizontal swiper-container-pointer-events"><ul class="swiper-wrapper header-usp-list" style="transition-duration: 0ms;" id="swiper-wrapper-86037780e417f64f" aria-live="off"><li class="swiper-slide header-usp-list-item swiper-slide-duplicate" data-swiper-slide-index="3"><span class="header-usp-list-item-wrapper"><span class="ep-clock-24-icon"></span><span class="header-usp-list-item-text">Online und Ladengeschäft</span><span></span></span></li><li class="swiper-slide header-usp-list-item" data-swiper-slide-index="0"><span class="header-usp-list-item-wrapper"><span class="ep-headphones-icon"></span><span class="header-usp-list-item-text">Tel. Beratung+Bestellung: 08252 - 8817769</span><span></span></span></li><li class="swiper-slide header-usp-list-item" data-swiper-slide-index="1"><span class="header-usp-list-item-wrapper"><span class="ep-shopping-basket-01-icon"></span><span class="header-usp-list-item-text">mehr als 1500 ausgesuchte Artikel</span><span></span></span></li><li class="swiper-slide header-usp-list-item" data-swiper-slide-index="2"><span class="header-usp-list-item-wrapper"><span class="ep-truck-02-icon"></span><span class="header-usp-list-item-text">Versand mit Post oder DHL</span><span></span></span></li><li class="swiper-slide header-usp-list-item" data-swiper-slide-index="3"><span class="header-usp-list-item-wrapper"><span class="ep-clock-24-icon"></span><span class="header-usp-list-item-text">Online und Ladengeschäft</span><span></span></span></li><li class="swiper-slide header-usp-list-item swiper-slide-duplicate" data-swiper-slide-index="0"><span class="header-usp-list-item-wrapper"><span class="ep-headphones-icon"></span><span class="header-usp-list-item-text">Tel. Beratung+Bestellung: 08252 - 8817769</span><span></span></span></li></ul><span class="swiper-notification" aria-live="assertive" aria-atomic="true"></span></div><div class="swiper-arrows"><div class="swiper-arrow-right" tabindex="0" role="button" aria-label="Next slide" aria-controls="swiper-wrapper-86037780e417f64f"></div><div class="swiper-arrow-left swiper-button-disabled" tabindex="0" role="button" aria-label="Previous slide" aria-controls="swiper-wrapper-86037780e417f64f"></div></div></div></div><div class="header-usp desktop-view"><ul class="header-usp-list"><li class="header-usp-list-item"><span class="header-usp-list-item-wrapper"><span class="ep-headphones-icon"></span><span class="header-usp-list-item-text">Tel. Beratung+Bestellung: 08252 - 8817769</span></span></li><li class="header-usp-list-item"><span class="header-usp-list-item-wrapper"><span class="ep-shopping-basket-01-icon"></span><span class="header-usp-list-item-text">mehr als 1500 ausgesuchte Artikel</span></span></li><li class="header-usp-list-item"><span class="header-usp-list-item-wrapper"><span class="ep-truck-02-icon"></span><span class="header-usp-list-item-text">Versand mit Post oder DHL</span></span></li><li class="header-usp-list-item"><span class="header-usp-list-item-wrapper"><span class="ep-clock-24-icon"></span><span class="header-usp-list-item-text">Online und Ladengeschäft</span></span></li></ul></div></div></section><div class="page-canvas"><header class="section site-header"><div class="wrapper"><div class="header"><div class="header-logo"><a title="Madavanilla - Vanille und Gewürze aus eigenem Anbau" class="header-logo-link" href="/"><h1 class="header-title">Madavanilla - Vanille und Gewürze aus eigenem Anbau</h1></a></div><div class="header-search"><form tabindex="-1" autocomplete="off" class="search-form" action="/search"><button type="submit" class="search-form-icon search-form-submit"><span>Suche</span></button><input type="text" maxlength="200" class="search-form-field" placeholder="Suche..." name="q" value=""></form></div><div class="header-right"><div class="header-account"><a href="/epages/6390bf67-3db7-4989-81d2-fd1d1df38751.sf/?ViewAction=UnityViewMyAccount&amp;Locale=de_DE" class="header-account-login" aria-label="Optionen für Ihr Kundenkonto"><span class="header-account-icon"></span></a></div><div class="header-minicart"><a class="header-minicart-checkout" href="/cart"><span class="visually-hidden">Warenkorb anzeigen. Sie haben 0 Artikel im Warenkorb.<!-- --> </span><span class="header-minicart-icon" aria-hidden="true"></span><span class="header-minicart-badge" aria-hidden="true">0</span></a></div></div></div><nav class="navigation" role="navigation"><div class="nested-menu"><div class="nested-menu-ruler"></div><div id="main-menu-nested" class="main-menu-wrapper"><div class="main-menu-overlay"></div><ul class="main-menu"><li class="navigation-active"><a href="/"><span>Home</span></a></li><li class=""><a href="/i/ueber-uns"><span>Über uns</span></a></li><li class=""><a href="/i/philosophie"><span>Philosophie</span></a></li><li class=""><a href="/i/newsletter"><span>Newsletter</span></a></li><li class=""><a href="/i/wie-bestellen"><span>Wie bestellen</span></a></li></ul></div></div><div class="navigation-mobile"><div class="toggle-menu"><button class="burger-icon" aria-label="Hauptmenü öffnen" aria-controls="main-menu-offcanvas" aria-expanded="false"><span class="burger-icon-stripes"></span></button></div><div id="main-menu-offcanvas" style="visibility: hidden;"><div class="main-menu-overlay"></div><div class="main-menu-wrapper"><div class="main-menu-header"></div><ul class="main-menu"><li class="active"><a href="/">Home</a></li><li class=""><a href="/i/ueber-uns">Über uns</a></li><li class=""><a href="/i/philosophie">Philosophie</a></li><li class=""><a href="/i/newsletter">Newsletter</a></li><li class=""><a href="/i/wie-bestellen">Wie bestellen</a></li></ul></div></div></div></nav></div></header><section class="section"><div class="wrapper"></div></section><main class="main"><div class="home"><section class="section-dali"><div class="dali-grid"><div id="block-8d75725c-29a9-41f9-8244-c31d82a30eac" data-testid="block-8d75725c-29a9-41f9-8244-c31d82a30eac" class="dali-block" data-block-type="epages.image" style="background-color:transparent;background-origin:border-box"><div class="dali-grid-row"><div class="dali-grid-column"><div class="dali-grid-element"><div class="dali-grid-element-wrapper"><div class="dali-plugin-image"><a href="https://madavanilla.de/c/madavanilla-shop" class="dali-image-wrapper"><div class="dali-plugin-image-content" style="--aspect-ratio:4.914225941422594"><img class="lazyautosizes lazyloaded" data-sizes="auto" alt="" decoding="async" width="2349" height="478" data-srcset="/storage/images/2022%20startseite%2040,-euro.jpg?hash=40d52af1fb06fd1b4a924734ccbac8e996fd9d9b&amp;shop=6390bf67-3db7-4989-81d2-fd1d1df38751&amp;width=180&amp;height=2560 180w, /storage/images/2022%20startseite%2040,-euro.jpg?hash=40d52af1fb06fd1b4a924734ccbac8e996fd9d9b&amp;shop=6390bf67-3db7-4989-81d2-fd1d1df38751&amp;width=360&amp;height=2560 360w, /storage/images/2022%20startseite%2040,-euro.jpg?hash=40d52af1fb06fd1b4a924734ccbac8e996fd9d9b&amp;shop=6390bf67-3db7-4989-81d2-fd1d1df38751&amp;width=540&amp;height=2560 540w, /storage/images/2022%20startseite%2040,-euro.jpg?hash=40d52af1fb06fd1b4a924734ccbac8e996fd9d9b&amp;shop=6390bf67-3db7-4989-81d2-fd1d1df38751&amp;width=720&amp;height=2560 720w, /storage/images/2022%20startseite%2040,-euro.jpg?hash=40d52af1fb06fd1b4a924734ccbac8e996fd9d9b&amp;shop=6390bf67-3db7-4989-81d2-fd1d1df38751&amp;width=900&amp;height=2560 900w, /storage/images/2022%20startseite%2040,-euro.jpg?hash=40d52af1fb06fd1b4a924734ccbac8e996fd9d9b&amp;shop=6390bf67-3db7-4989-81d2-fd1d1df38751&amp;width=1080&amp;height=2560 1080w, /storage/images/2022%20startseite%2040,-euro.jpg?hash=40d52af1fb06fd1b4a924734ccbac8e996fd9d9b&amp;shop=6390bf67-3db7-4989-81d2-fd1d1df38751&amp;width=1296&amp;height=2560 1296w, /storage/images/2022%20startseite%2040,-euro.jpg?hash=40d52af1fb06fd1b4a924734ccbac8e996fd9d9b&amp;shop=6390bf67-3db7-4989-81d2-fd1d1df38751&amp;width=1512&amp;height=2560 1512w, /storage/images/2022%20startseite%2040,-euro.jpg?hash=40d52af1fb06fd1b4a924734ccbac8e996fd9d9b&amp;shop=6390bf67-3db7-4989-81d2-fd1d1df38751&amp;width=1728&amp;height=2560 1728w, /storage/images/2022%20startseite%2040,-euro.jpg?hash=40d52af1fb06fd1b4a924734ccbac8e996fd9d9b&amp;shop=6390bf67-3db7-4989-81d2-fd1d1df38751&amp;width=1944&amp;height=2560 1944w, /storage/images/2022%20startseite%2040,-euro.jpg?hash=40d52af1fb06fd1b4a924734ccbac8e996fd9d9b&amp;shop=6390bf67-3db7-4989-81d2-fd1d1df38751&amp;width=2160&amp;height=2560 2160w, /storage/images/2022%20startseite%2040,-euro.jpg?hash=40d52af1fb06fd1b4a924734ccbac8e996fd9d9b&amp;shop=6390bf67-3db7-4989-81d2-fd1d1df38751&amp;width=2349&amp;height=2560 2349w" sizes="1220px" srcset="/storage/images/2022%20startseite%2040,-euro.jpg?hash=40d52af1fb06fd1b4a924734ccbac8e996fd9d9b&amp;shop=6390bf67-3db7-4989-81d2-fd1d1df38751&amp;width=180&amp;height=2560 180w, /storage/images/2022%20startseite%2040,-euro.jpg?hash=40d52af1fb06fd1b4a924734ccbac8e996fd9d9b&amp;shop=6390bf67-3db7-4989-81d2-fd1d1df38751&amp;width=360&amp;height=2560 360w, /storage/images/2022%20startseite%2040,-euro.jpg?hash=40d52af1fb06fd1b4a924734ccbac8e996fd9d9b&amp;shop=6390bf67-3db7-4989-81d2-fd1d1df38751&amp;width=540&amp;height=2560 540w, /storage/images/2022%20startseite%2040,-euro.jpg?hash=40d52af1fb06fd1b4a924734ccbac8e996fd9d9b&amp;shop=6390bf67-3db7-4989-81d2-fd1d1df38751&amp;width=720&amp;height=2560 720w, /storage/images/2022%20startseite%2040,-euro.jpg?hash=40d52af1fb06fd1b4a924734ccbac8e996fd9d9b&amp;shop=6390bf67-3db7-4989-81d2-fd1d1df38751&amp;width=900&amp;height=2560 900w, /storage/images/2022%20startseite%2040,-euro.jpg?hash=40d52af1fb06fd1b4a924734ccbac8e996fd9d9b&amp;shop=6390bf67-3db7-4989-81d2-fd1d1df38751&amp;width=1080&amp;height=2560 1080w, /storage/images/2022%20startseite%2040,-euro.jpg?hash=40d52af1fb06fd1b4a924734ccbac8e996fd9d9b&amp;shop=6390bf67-3db7-4989-81d2-fd1d1df38751&amp;width=1296&amp;height=2560 1296w, /storage/images/2022%20startseite%2040,-euro.jpg?hash=40d52af1fb06fd1b4a924734ccbac8e996fd9d9b&amp;shop=6390bf67-3db7-4989-81d2-fd1d1df38751&amp;width=1512&amp;height=2560 1512w, /storage/images/2022%20startseite%2040,-euro.jpg?hash=40d52af1fb06fd1b4a924734ccbac8e996fd9d9b&amp;shop=6390bf67-3db7-4989-81d2-fd1d1df38751&amp;width=1728&amp;height=2560 1728w, /storage/images/2022%20startseite%2040,-euro.jpg?hash=40d52af1fb06fd1b4a924734ccbac8e996fd9d9b&amp;shop=6390bf67-3db7-4989-81d2-fd1d1df38751&amp;width=1944&amp;height=2560 1944w, /storage/images/2022%20startseite%2040,-euro.jpg?hash=40d52af1fb06fd1b4a924734ccbac8e996fd9d9b&amp;shop=6390bf67-3db7-4989-81d2-fd1d1df38751&amp;width=2160&amp;height=2560 2160w, /storage/images/2022%20startseite%2040,-euro.jpg?hash=40d52af1fb06fd1b4a924734ccbac8e996fd9d9b&amp;shop=6390bf67-3db7-4989-81d2-fd1d1df38751&amp;width=2349&amp;height=2560 2349w"><noscript><img src="/storage/images/2022%20startseite%2040,-euro.jpg?hash=40d52af1fb06fd1b4a924734ccbac8e996fd9d9b&amp;shop=6390bf67-3db7-4989-81d2-fd1d1df38751&amp;width=600&amp;height=2560" alt="" width="2349" height="478"/></noscript></div><div class="dali-teaser" data-overlay-color="blackColor" data-text-color="whiteColor" data-button-color="accentColor" style="--opacity:0"><div class="dali-teaser-inner"><button type="button" class="dali-teaser-inner-button">ZUM SHOP</button></div></div></a></div></div></div></div></div></div><div id="block-65a51abc-ea8c-4407-a123-03f874e201b0" data-testid="block-65a51abc-ea8c-4407-a123-03f874e201b0" class="dali-block" data-block-type="image+text-image+text-image+text" style="background-color:transparent;background-origin:border-box"><div class="dali-grid-row"><div class="dali-grid-column"><div class="dali-grid-element"><div class="dali-grid-element"><div class="dali-grid-element-wrapper"><div class="dali-plugin-image"><div class="dali-image-wrapper"><div class="dali-plugin-image-content" style="--aspect-ratio:1.500732064421669"><img class="lazyautosizes lazyloaded" data-sizes="auto" alt="" decoding="async" width="1025" height="683" data-srcset="/storage/images/125021877_5000480676636397_996485986242898127_n.jpg?hash=17990f7bebe0b171247d7e764b716d5fd844d6fc&amp;shop=6390bf67-3db7-4989-81d2-fd1d1df38751&amp;width=180&amp;height=2560 180w, /storage/images/125021877_5000480676636397_996485986242898127_n.jpg?hash=17990f7bebe0b171247d7e764b716d5fd844d6fc&amp;shop=6390bf67-3db7-4989-81d2-fd1d1df38751&amp;width=360&amp;height=2560 360w, /storage/images/125021877_5000480676636397_996485986242898127_n.jpg?hash=17990f7bebe0b171247d7e764b716d5fd844d6fc&amp;shop=6390bf67-3db7-4989-81d2-fd1d1df38751&amp;width=540&amp;height=2560 540w, /storage/images/125021877_5000480676636397_996485986242898127_n.jpg?hash=17990f7bebe0b171247d7e764b716d5fd844d6fc&amp;shop=6390bf67-3db7-4989-81d2-fd1d1df38751&amp;width=720&amp;height=2560 720w, /storage/images/125021877_5000480676636397_996485986242898127_n.jpg?hash=17990f7bebe0b171247d7e764b716d5fd844d6fc&amp;shop=6390bf67-3db7-4989-81d2-fd1d1df38751&amp;width=900&amp;height=2560 900w, /storage/images/125021877_5000480676636397_996485986242898127_n.jpg?hash=17990f7bebe0b171247d7e764b716d5fd844d6fc&amp;shop=6390bf67-3db7-4989-81d2-fd1d1df38751&amp;width=1025&amp;height=2560 1025w" sizes="366px" srcset="/storage/images/125021877_5000480676636397_996485986242898127_n.jpg?hash=17990f7bebe0b171247d7e764b716d5fd844d6fc&amp;shop=6390bf67-3db7-4989-81d2-fd1d1df38751&amp;width=180&amp;height=2560 180w, /storage/images/125021877_5000480676636397_996485986242898127_n.jpg?hash=17990f7bebe0b171247d7e764b716d5fd844d6fc&amp;shop=6390bf67-3db7-4989-81d2-fd1d1df38751&amp;width=360&amp;height=2560 360w, /storage/images/125021877_5000480676636397_996485986242898127_n.jpg?hash=17990f7bebe0b171247d7e764b716d5fd844d6fc&amp;shop=6390bf67-3db7-4989-81d2-fd1d1df38751&amp;width=540&amp;height=2560 540w, /storage/images/125021877_5000480676636397_996485986242898127_n.jpg?hash=17990f7bebe0b171247d7e764b716d5fd844d6fc&amp;shop=6390bf67-3db7-4989-81d2-fd1d1df38751&amp;width=720&amp;height=2560 720w, /storage/images/125021877_5000480676636397_996485986242898127_n.jpg?hash=17990f7bebe0b171247d7e764b716d5fd844d6fc&amp;shop=6390bf67-3db7-4989-81d2-fd1d1df38751&amp;width=900&amp;height=2560 900w, /storage/images/125021877_5000480676636397_996485986242898127_n.jpg?hash=17990f7bebe0b171247d7e764b716d5fd844d6fc&amp;shop=6390bf67-3db7-4989-81d2-fd1d1df38751&amp;width=1025&amp;height=2560 1025w"><noscript><img src="/storage/images/125021877_5000480676636397_996485986242898127_n.jpg?hash=17990f7bebe0b171247d7e764b716d5fd844d6fc&amp;shop=6390bf67-3db7-4989-81d2-fd1d1df38751&amp;width=600&amp;height=2560" alt="" width="1025" height="683"/></noscript></div><div class="dali-teaser" data-overlay-color="blackColor" data-text-color="whiteColor" data-button-color="whiteColor" style="--opacity:0.4"><div class="dali-teaser-inner"><div class="dali-teaser-inner-content"><h2 class="dali-teaser-inner-content-headline">Ladengeschäft</h2></div></div></div></div></div></div></div></div><div class="dali-grid-element"><div class="dali-grid-element"><div class="dali-grid-element-wrapper"><div class="dali-plugin-text"><div class="dali-plugin-text-content"><p style="text-align:center">Öffnungszeiten Ladengeschäft:</p><p style="text-align:center">Peutenhausen - In der Hut 3c</p><p style="text-align:center">Mo-Mi: 09:00-13:00 Uhr</p><p style="text-align:center">Mittwoch 03.04.2024 geschlossen!</p></div></div></div></div></div></div><div class="dali-grid-column"><div class="dali-grid-element"><div class="dali-grid-element"><div class="dali-grid-element-wrapper"><div class="dali-plugin-image"><div class="dali-image-wrapper"><div class="dali-plugin-image-content" style="--aspect-ratio:1.8183333333333334"><img class="lazyautosizes lazyloaded" data-sizes="auto" alt="" decoding="async" width="3273" height="1800" data-srcset="/storage/images/logopng.png?hash=609ed6faf3f964a53a1b759449bf2779c98804bd&amp;shop=6390bf67-3db7-4989-81d2-fd1d1df38751&amp;width=180&amp;height=2560 180w, /storage/images/logopng.png?hash=609ed6faf3f964a53a1b759449bf2779c98804bd&amp;shop=6390bf67-3db7-4989-81d2-fd1d1df38751&amp;width=360&amp;height=2560 360w, /storage/images/logopng.png?hash=609ed6faf3f964a53a1b759449bf2779c98804bd&amp;shop=6390bf67-3db7-4989-81d2-fd1d1df38751&amp;width=540&amp;height=2560 540w, /storage/images/logopng.png?hash=609ed6faf3f964a53a1b759449bf2779c98804bd&amp;shop=6390bf67-3db7-4989-81d2-fd1d1df38751&amp;width=720&amp;height=2560 720w, /storage/images/logopng.png?hash=609ed6faf3f964a53a1b759449bf2779c98804bd&amp;shop=6390bf67-3db7-4989-81d2-fd1d1df38751&amp;width=900&amp;height=2560 900w, /storage/images/logopng.png?hash=609ed6faf3f964a53a1b759449bf2779c98804bd&amp;shop=6390bf67-3db7-4989-81d2-fd1d1df38751&amp;width=1080&amp;height=2560 1080w, /storage/images/logopng.png?hash=609ed6faf3f964a53a1b759449bf2779c98804bd&amp;shop=6390bf67-3db7-4989-81d2-fd1d1df38751&amp;width=1296&amp;height=2560 1296w, /storage/images/logopng.png?hash=609ed6faf3f964a53a1b759449bf2779c98804bd&amp;shop=6390bf67-3db7-4989-81d2-fd1d1df38751&amp;width=1512&amp;height=2560 1512w, /storage/images/logopng.png?hash=609ed6faf3f964a53a1b759449bf2779c98804bd&amp;shop=6390bf67-3db7-4989-81d2-fd1d1df38751&amp;width=1728&amp;height=2560 1728w, /storage/images/logopng.png?hash=609ed6faf3f964a53a1b759449bf2779c98804bd&amp;shop=6390bf67-3db7-4989-81d2-fd1d1df38751&amp;width=1944&amp;height=2560 1944w, /storage/images/logopng.png?hash=609ed6faf3f964a53a1b759449bf2779c98804bd&amp;shop=6390bf67-3db7-4989-81d2-fd1d1df38751&amp;width=2160&amp;height=2560 2160w, /storage/images/logopng.png?hash=609ed6faf3f964a53a1b759449bf2779c98804bd&amp;shop=6390bf67-3db7-4989-81d2-fd1d1df38751&amp;width=2376&amp;height=2560 2376w, /storage/images/logopng.png?hash=609ed6faf3f964a53a1b759449bf2779c98804bd&amp;shop=6390bf67-3db7-4989-81d2-fd1d1df38751&amp;width=2560&amp;height=2560 2560w" sizes="366px" srcset="/storage/images/logopng.png?hash=609ed6faf3f964a53a1b759449bf2779c98804bd&amp;shop=6390bf67-3db7-4989-81d2-fd1d1df38751&amp;width=180&amp;height=2560 180w, /storage/images/logopng.png?hash=609ed6faf3f964a53a1b759449bf2779c98804bd&amp;shop=6390bf67-3db7-4989-81d2-fd1d1df38751&amp;width=360&amp;height=2560 360w, /storage/images/logopng.png?hash=609ed6faf3f964a53a1b759449bf2779c98804bd&amp;shop=6390bf67-3db7-4989-81d2-fd1d1df38751&amp;width=540&amp;height=2560 540w, /storage/images/logopng.png?hash=609ed6faf3f964a53a1b759449bf2779c98804bd&amp;shop=6390bf67-3db7-4989-81d2-fd1d1df38751&amp;width=720&amp;height=2560 720w, /storage/images/logopng.png?hash=609ed6faf3f964a53a1b759449bf2779c98804bd&amp;shop=6390bf67-3db7-4989-81d2-fd1d1df38751&amp;width=900&amp;height=2560 900w, /storage/images/logopng.png?hash=609ed6faf3f964a53a1b759449bf2779c98804bd&amp;shop=6390bf67-3db7-4989-81d2-fd1d1df38751&amp;width=1080&amp;height=2560 1080w, /storage/images/logopng.png?hash=609ed6faf3f964a53a1b759449bf2779c98804bd&amp;shop=6390bf67-3db7-4989-81d2-fd1d1df38751&amp;width=1296&amp;height=2560 1296w, /storage/images/logopng.png?hash=609ed6faf3f964a53a1b759449bf2779c98804bd&amp;shop=6390bf67-3db7-4989-81d2-fd1d1df38751&amp;width=1512&amp;height=2560 1512w, /storage/images/logopng.png?hash=609ed6faf3f964a53a1b759449bf2779c98804bd&amp;shop=6390bf67-3db7-4989-81d2-fd1d1df38751&amp;width=1728&amp;height=2560 1728w, /storage/images/logopng.png?hash=609ed6faf3f964a53a1b759449bf2779c98804bd&amp;shop=6390bf67-3db7-4989-81d2-fd1d1df38751&amp;width=1944&amp;height=2560 1944w, /storage/images/logopng.png?hash=609ed6faf3f964a53a1b759449bf2779c98804bd&amp;shop=6390bf67-3db7-4989-81d2-fd1d1df38751&amp;width=2160&amp;height=2560 2160w, /storage/images/logopng.png?hash=609ed6faf3f964a53a1b759449bf2779c98804bd&amp;shop=6390bf67-3db7-4989-81d2-fd1d1df38751&amp;width=2376&amp;height=2560 2376w, /storage/images/logopng.png?hash=609ed6faf3f964a53a1b759449bf2779c98804bd&amp;shop=6390bf67-3db7-4989-81d2-fd1d1df38751&amp;width=2560&amp;height=2560 2560w"><noscript><img src="/storage/images/logopng.png?hash=609ed6faf3f964a53a1b759449bf2779c98804bd&amp;shop=6390bf67-3db7-4989-81d2-fd1d1df38751&amp;width=600&amp;height=2560" alt="" width="3273" height="1800"/></noscript></div></div></div></div></div></div><div class="dali-grid-element"><div class="dali-grid-element"><div class="dali-grid-element-wrapper"><div class="dali-plugin-text"><div class="dali-plugin-text-content"><h1 style="text-align:center">WILLKOMMEN</h1><h2 style="text-align:center"><a href="https://madavanilla.de/c/madavanilla-shop"><strong>&gt;&gt;&gt; Zum Online Shop</strong></a></h2></div></div></div></div></div></div><div class="dali-grid-column"><div class="dali-grid-element"><div class="dali-grid-element"><div class="dali-grid-element-wrapper"><div class="dali-plugin-image"><div class="dali-image-wrapper"><div class="dali-plugin-image-content" style="--aspect-ratio:1.5013089005235603"><img class="lazyautosizes lazyloaded" data-sizes="auto" alt="" decoding="async" width="1147" height="764" data-srcset="/storage/images/IMG-20221111-WA0000.jpg?hash=bbb37c02ff3aa9a157ec1ebeb561694e34a01f4d&amp;shop=6390bf67-3db7-4989-81d2-fd1d1df38751&amp;width=180&amp;height=2560 180w, /storage/images/IMG-20221111-WA0000.jpg?hash=bbb37c02ff3aa9a157ec1ebeb561694e34a01f4d&amp;shop=6390bf67-3db7-4989-81d2-fd1d1df38751&amp;width=360&amp;height=2560 360w, /storage/images/IMG-20221111-WA0000.jpg?hash=bbb37c02ff3aa9a157ec1ebeb561694e34a01f4d&amp;shop=6390bf67-3db7-4989-81d2-fd1d1df38751&amp;width=540&amp;height=2560 540w, /storage/images/IMG-20221111-WA0000.jpg?hash=bbb37c02ff3aa9a157ec1ebeb561694e34a01f4d&amp;shop=6390bf67-3db7-4989-81d2-fd1d1df38751&amp;width=720&amp;height=2560 720w, /storage/images/IMG-20221111-WA0000.jpg?hash=bbb37c02ff3aa9a157ec1ebeb561694e34a01f4d&amp;shop=6390bf67-3db7-4989-81d2-fd1d1df38751&amp;width=900&amp;height=2560 900w, /storage/images/IMG-20221111-WA0000.jpg?hash=bbb37c02ff3aa9a157ec1ebeb561694e34a01f4d&amp;shop=6390bf67-3db7-4989-81d2-fd1d1df38751&amp;width=1080&amp;height=2560 1080w, /storage/images/IMG-20221111-WA0000.jpg?hash=bbb37c02ff3aa9a157ec1ebeb561694e34a01f4d&amp;shop=6390bf67-3db7-4989-81d2-fd1d1df38751&amp;width=1147&amp;height=2560 1147w" sizes="366px" srcset="/storage/images/IMG-20221111-WA0000.jpg?hash=bbb37c02ff3aa9a157ec1ebeb561694e34a01f4d&amp;shop=6390bf67-3db7-4989-81d2-fd1d1df38751&amp;width=180&amp;height=2560 180w, /storage/images/IMG-20221111-WA0000.jpg?hash=bbb37c02ff3aa9a157ec1ebeb561694e34a01f4d&amp;shop=6390bf67-3db7-4989-81d2-fd1d1df38751&amp;width=360&amp;height=2560 360w, /storage/images/IMG-20221111-WA0000.jpg?hash=bbb37c02ff3aa9a157ec1ebeb561694e34a01f4d&amp;shop=6390bf67-3db7-4989-81d2-fd1d1df38751&amp;width=540&amp;height=2560 540w, /storage/images/IMG-20221111-WA0000.jpg?hash=bbb37c02ff3aa9a157ec1ebeb561694e34a01f4d&amp;shop=6390bf67-3db7-4989-81d2-fd1d1df38751&amp;width=720&amp;height=2560 720w, /storage/images/IMG-20221111-WA0000.jpg?hash=bbb37c02ff3aa9a157ec1ebeb561694e34a01f4d&amp;shop=6390bf67-3db7-4989-81d2-fd1d1df38751&amp;width=900&amp;height=2560 900w, /storage/images/IMG-20221111-WA0000.jpg?hash=bbb37c02ff3aa9a157ec1ebeb561694e34a01f4d&amp;shop=6390bf67-3db7-4989-81d2-fd1d1df38751&amp;width=1080&amp;height=2560 1080w, /storage/images/IMG-20221111-WA0000.jpg?hash=bbb37c02ff3aa9a157ec1ebeb561694e34a01f4d&amp;shop=6390bf67-3db7-4989-81d2-fd1d1df38751&amp;width=1147&amp;height=2560 1147w"><noscript><img src="/storage/images/IMG-20221111-WA0000.jpg?hash=bbb37c02ff3aa9a157ec1ebeb561694e34a01f4d&amp;shop=6390bf67-3db7-4989-81d2-fd1d1df38751&amp;width=600&amp;height=2560" alt="" width="1147" height="764"/></noscript></div><div class="dali-teaser" data-overlay-color="blackColor" data-text-color="whiteColor" data-button-color="whiteColor" style="--opacity:0.4"><div class="dali-teaser-inner"><div class="dali-teaser-inner-content"><h2 class="dali-teaser-inner-content-headline">News</h2></div></div></div></div></div></div></div></div><div class="dali-grid-element"><div class="dali-grid-element"><div class="dali-grid-element-wrapper"><div class="dali-plugin-text"><div class="dali-plugin-text-content"><p style="text-align:center">Nächste Veranstaltung:</p><p style="text-align:center">SLOW FOOD MESSE</p><p style="text-align:center">STUTTGART</p><p style="text-align:center">04.04 - 07.04.2024</p></div></div></div></div></div></div></div></div><div id="block-3678a0cc-bdec-4127-845b-3f9adb380ea2" data-testid="block-3678a0cc-bdec-4127-845b-3f9adb380ea2" class="dali-block" data-block-type="image+text-image+text-image+text" style="background-color:transparent;background-origin:border-box"><div class="dali-grid-row"><div class="dali-grid-column"><div class="dali-grid-element"><div class="dali-grid-element"><div class="dali-grid-element-wrapper"><div class="dali-plugin-image"><a href="https://madavanilla.de/c/madavanilla-shop/pfeffer-und-salz" class="dali-image-wrapper"><div class="dali-plugin-image-content" style="--aspect-ratio:1.777491961414791"><img class="lazyautosizes lazyloaded" data-sizes="auto" alt="" decoding="async" width="2764" height="1555" data-srcset="/storage/images/DSC01186.JPG?hash=e7efa90bfabb70a29566de1d548ccce7540f0f44&amp;shop=6390bf67-3db7-4989-81d2-fd1d1df38751&amp;width=180&amp;height=2560 180w, /storage/images/DSC01186.JPG?hash=e7efa90bfabb70a29566de1d548ccce7540f0f44&amp;shop=6390bf67-3db7-4989-81d2-fd1d1df38751&amp;width=360&amp;height=2560 360w, /storage/images/DSC01186.JPG?hash=e7efa90bfabb70a29566de1d548ccce7540f0f44&amp;shop=6390bf67-3db7-4989-81d2-fd1d1df38751&amp;width=540&amp;height=2560 540w, /storage/images/DSC01186.JPG?hash=e7efa90bfabb70a29566de1d548ccce7540f0f44&amp;shop=6390bf67-3db7-4989-81d2-fd1d1df38751&amp;width=720&amp;height=2560 720w, /storage/images/DSC01186.JPG?hash=e7efa90bfabb70a29566de1d548ccce7540f0f44&amp;shop=6390bf67-3db7-4989-81d2-fd1d1df38751&amp;width=900&amp;height=2560 900w, /storage/images/DSC01186.JPG?hash=e7efa90bfabb70a29566de1d548ccce7540f0f44&amp;shop=6390bf67-3db7-4989-81d2-fd1d1df38751&amp;width=1080&amp;height=2560 1080w, /storage/images/DSC01186.JPG?hash=e7efa90bfabb70a29566de1d548ccce7540f0f44&amp;shop=6390bf67-3db7-4989-81d2-fd1d1df38751&amp;width=1296&amp;height=2560 1296w, /storage/images/DSC01186.JPG?hash=e7efa90bfabb70a29566de1d548ccce7540f0f44&amp;shop=6390bf67-3db7-4989-81d2-fd1d1df38751&amp;width=1512&amp;height=2560 1512w, /storage/images/DSC01186.JPG?hash=e7efa90bfabb70a29566de1d548ccce7540f0f44&amp;shop=6390bf67-3db7-4989-81d2-fd1d1df38751&amp;width=1728&amp;height=2560 1728w, /storage/images/DSC01186.JPG?hash=e7efa90bfabb70a29566de1d548ccce7540f0f44&amp;shop=6390bf67-3db7-4989-81d2-fd1d1df38751&amp;width=1944&amp;height=2560 1944w, /storage/images/DSC01186.JPG?hash=e7efa90bfabb70a29566de1d548ccce7540f0f44&amp;shop=6390bf67-3db7-4989-81d2-fd1d1df38751&amp;width=2160&amp;height=2560 2160w, /storage/images/DSC01186.JPG?hash=e7efa90bfabb70a29566de1d548ccce7540f0f44&amp;shop=6390bf67-3db7-4989-81d2-fd1d1df38751&amp;width=2376&amp;height=2560 2376w, /storage/images/DSC01186.JPG?hash=e7efa90bfabb70a29566de1d548ccce7540f0f44&amp;shop=6390bf67-3db7-4989-81d2-fd1d1df38751&amp;width=2560&amp;height=2560 2560w" sizes="366px" srcset="/storage/images/DSC01186.JPG?hash=e7efa90bfabb70a29566de1d548ccce7540f0f44&amp;shop=6390bf67-3db7-4989-81d2-fd1d1df38751&amp;width=180&amp;height=2560 180w, /storage/images/DSC01186.JPG?hash=e7efa90bfabb70a29566de1d548ccce7540f0f44&amp;shop=6390bf67-3db7-4989-81d2-fd1d1df38751&amp;width=360&amp;height=2560 360w, /storage/images/DSC01186.JPG?hash=e7efa90bfabb70a29566de1d548ccce7540f0f44&amp;shop=6390bf67-3db7-4989-81d2-fd1d1df38751&amp;width=540&amp;height=2560 540w, /storage/images/DSC01186.JPG?hash=e7efa90bfabb70a29566de1d548ccce7540f0f44&amp;shop=6390bf67-3db7-4989-81d2-fd1d1df38751&amp;width=720&amp;height=2560 720w, /storage/images/DSC01186.JPG?hash=e7efa90bfabb70a29566de1d548ccce7540f0f44&amp;shop=6390bf67-3db7-4989-81d2-fd1d1df38751&amp;width=900&amp;height=2560 900w, /storage/images/DSC01186.JPG?hash=e7efa90bfabb70a29566de1d548ccce7540f0f44&amp;shop=6390bf67-3db7-4989-81d2-fd1d1df38751&amp;width=1080&amp;height=2560 1080w, /storage/images/DSC01186.JPG?hash=e7efa90bfabb70a29566de1d548ccce7540f0f44&amp;shop=6390bf67-3db7-4989-81d2-fd1d1df38751&amp;width=1296&amp;height=2560 1296w, /storage/images/DSC01186.JPG?hash=e7efa90bfabb70a29566de1d548ccce7540f0f44&amp;shop=6390bf67-3db7-4989-81d2-fd1d1df38751&amp;width=1512&amp;height=2560 1512w, /storage/images/DSC01186.JPG?hash=e7efa90bfabb70a29566de1d548ccce7540f0f44&amp;shop=6390bf67-3db7-4989-81d2-fd1d1df38751&amp;width=1728&amp;height=2560 1728w, /storage/images/DSC01186.JPG?hash=e7efa90bfabb70a29566de1d548ccce7540f0f44&amp;shop=6390bf67-3db7-4989-81d2-fd1d1df38751&amp;width=1944&amp;height=2560 1944w, /storage/images/DSC01186.JPG?hash=e7efa90bfabb70a29566de1d548ccce7540f0f44&amp;shop=6390bf67-3db7-4989-81d2-fd1d1df38751&amp;width=2160&amp;height=2560 2160w, /storage/images/DSC01186.JPG?hash=e7efa90bfabb70a29566de1d548ccce7540f0f44&amp;shop=6390bf67-3db7-4989-81d2-fd1d1df38751&amp;width=2376&amp;height=2560 2376w, /storage/images/DSC01186.JPG?hash=e7efa90bfabb70a29566de1d548ccce7540f0f44&amp;shop=6390bf67-3db7-4989-81d2-fd1d1df38751&amp;width=2560&amp;height=2560 2560w"><noscript><img src="/storage/images/DSC01186.JPG?hash=e7efa90bfabb70a29566de1d548ccce7540f0f44&amp;shop=6390bf67-3db7-4989-81d2-fd1d1df38751&amp;width=600&amp;height=2560" alt="" width="2764" height="1555"/></noscript></div><div class="dali-teaser" data-overlay-color="blackColor" data-text-color="whiteColor" data-button-color="whiteColor" style="--opacity:0.4"><div class="dali-teaser-inner"><div class="dali-teaser-inner-content"><h2 class="dali-teaser-inner-content-headline">Frischer Madagaskarpfeffer aus Eigenanbau eingetroffen</h2></div></div></div></a></div></div></div></div><div class="dali-grid-element"><div class="dali-grid-element"><div class="dali-grid-element-wrapper"><div class="dali-plugin-text"><div class="dali-plugin-text-content"><p></p></div></div></div></div></div></div><div class="dali-grid-column"><div class="dali-grid-element"><div class="dali-grid-element"><div class="dali-grid-element-wrapper"><div class="dali-plugin-image"><a href="https://madavanilla.de/c/madavanilla-shop/vanille-schoten-pulver-extrakt" class="dali-image-wrapper"><div class="dali-plugin-image-content" style="--aspect-ratio:1.7777777777777777"><img class="lazyautosizes lazyloaded" data-sizes="auto" alt="" decoding="async" width="480" height="270" data-srcset="/storage/images/DSC09134.jpg?hash=cd0c9b92033a3cd5a9ba7a0881fac7a99c3877e9&amp;shop=6390bf67-3db7-4989-81d2-fd1d1df38751&amp;width=180&amp;height=2560 180w, /storage/images/DSC09134.jpg?hash=cd0c9b92033a3cd5a9ba7a0881fac7a99c3877e9&amp;shop=6390bf67-3db7-4989-81d2-fd1d1df38751&amp;width=360&amp;height=2560 360w, /storage/images/DSC09134.jpg?hash=cd0c9b92033a3cd5a9ba7a0881fac7a99c3877e9&amp;shop=6390bf67-3db7-4989-81d2-fd1d1df38751&amp;width=480&amp;height=2560 480w" sizes="366px" srcset="/storage/images/DSC09134.jpg?hash=cd0c9b92033a3cd5a9ba7a0881fac7a99c3877e9&amp;shop=6390bf67-3db7-4989-81d2-fd1d1df38751&amp;width=180&amp;height=2560 180w, /storage/images/DSC09134.jpg?hash=cd0c9b92033a3cd5a9ba7a0881fac7a99c3877e9&amp;shop=6390bf67-3db7-4989-81d2-fd1d1df38751&amp;width=360&amp;height=2560 360w, /storage/images/DSC09134.jpg?hash=cd0c9b92033a3cd5a9ba7a0881fac7a99c3877e9&amp;shop=6390bf67-3db7-4989-81d2-fd1d1df38751&amp;width=480&amp;height=2560 480w"><noscript><img src="/storage/images/DSC09134.jpg?hash=cd0c9b92033a3cd5a9ba7a0881fac7a99c3877e9&amp;shop=6390bf67-3db7-4989-81d2-fd1d1df38751&amp;width=600&amp;height=2560" alt="" width="480" height="270"/></noscript></div><div class="dali-teaser" data-overlay-color="blackColor" data-text-color="whiteColor" data-button-color="whiteColor" style="--opacity:0.4"><div class="dali-teaser-inner"><div class="dali-teaser-inner-content"><h2 class="dali-teaser-inner-content-headline">Frische Vanille Ernte eingetroffen</h2></div></div></div></a></div></div></div></div><div class="dali-grid-element"><div class="dali-grid-element"><div class="dali-grid-element-wrapper"><div class="dali-plugin-text"><div class="dali-plugin-text-content"><p></p></div></div></div></div></div></div><div class="dali-grid-column"><div class="dali-grid-element"><div class="dali-grid-element"><div class="dali-grid-element-wrapper"><div class="dali-plugin-image"><a href="https://madavanilla.de/c/madavanilla-shop/vanille-schoten-pulver-extrakt/vanille-extrakt-paste" class="dali-image-wrapper"><div class="dali-plugin-image-content" style="--aspect-ratio:1.7778603268945021"><img class="lazyautosizes lazyloaded" data-sizes="auto" alt="" decoding="async" width="2393" height="1346" data-srcset="/storage/images/vanille%2520Paste.jpg?hash=176e2d221a11752cc21e4033a1bdc09f2e0ebb43&amp;shop=6390bf67-3db7-4989-81d2-fd1d1df38751&amp;width=180&amp;height=2560 180w, /storage/images/vanille%2520Paste.jpg?hash=176e2d221a11752cc21e4033a1bdc09f2e0ebb43&amp;shop=6390bf67-3db7-4989-81d2-fd1d1df38751&amp;width=360&amp;height=2560 360w, /storage/images/vanille%2520Paste.jpg?hash=176e2d221a11752cc21e4033a1bdc09f2e0ebb43&amp;shop=6390bf67-3db7-4989-81d2-fd1d1df38751&amp;width=540&amp;height=2560 540w, /storage/images/vanille%2520Paste.jpg?hash=176e2d221a11752cc21e4033a1bdc09f2e0ebb43&amp;shop=6390bf67-3db7-4989-81d2-fd1d1df38751&amp;width=720&amp;height=2560 720w, /storage/images/vanille%2520Paste.jpg?hash=176e2d221a11752cc21e4033a1bdc09f2e0ebb43&amp;shop=6390bf67-3db7-4989-81d2-fd1d1df38751&amp;width=900&amp;height=2560 900w, /storage/images/vanille%2520Paste.jpg?hash=176e2d221a11752cc21e4033a1bdc09f2e0ebb43&amp;shop=6390bf67-3db7-4989-81d2-fd1d1df38751&amp;width=1080&amp;height=2560 1080w, /storage/images/vanille%2520Paste.jpg?hash=176e2d221a11752cc21e4033a1bdc09f2e0ebb43&amp;shop=6390bf67-3db7-4989-81d2-fd1d1df38751&amp;width=1296&amp;height=2560 1296w, /storage/images/vanille%2520Paste.jpg?hash=176e2d221a11752cc21e4033a1bdc09f2e0ebb43&amp;shop=6390bf67-3db7-4989-81d2-fd1d1df38751&amp;width=1512&amp;height=2560 1512w, /storage/images/vanille%2520Paste.jpg?hash=176e2d221a11752cc21e4033a1bdc09f2e0ebb43&amp;shop=6390bf67-3db7-4989-81d2-fd1d1df38751&amp;width=1728&amp;height=2560 1728w, /storage/images/vanille%2520Paste.jpg?hash=176e2d221a11752cc21e4033a1bdc09f2e0ebb43&amp;shop=6390bf67-3db7-4989-81d2-fd1d1df38751&amp;width=1944&amp;height=2560 1944w, /storage/images/vanille%2520Paste.jpg?hash=176e2d221a11752cc21e4033a1bdc09f2e0ebb43&amp;shop=6390bf67-3db7-4989-81d2-fd1d1df38751&amp;width=2160&amp;height=2560 2160w, /storage/images/vanille%2520Paste.jpg?hash=176e2d221a11752cc21e4033a1bdc09f2e0ebb43&amp;shop=6390bf67-3db7-4989-81d2-fd1d1df38751&amp;width=2376&amp;height=2560 2376w, /storage/images/vanille%2520Paste.jpg?hash=176e2d221a11752cc21e4033a1bdc09f2e0ebb43&amp;shop=6390bf67-3db7-4989-81d2-fd1d1df38751&amp;width=2393&amp;height=2560 2393w" sizes="366px" srcset="/storage/images/vanille%2520Paste.jpg?hash=176e2d221a11752cc21e4033a1bdc09f2e0ebb43&amp;shop=6390bf67-3db7-4989-81d2-fd1d1df38751&amp;width=180&amp;height=2560 180w, /storage/images/vanille%2520Paste.jpg?hash=176e2d221a11752cc21e4033a1bdc09f2e0ebb43&amp;shop=6390bf67-3db7-4989-81d2-fd1d1df38751&amp;width=360&amp;height=2560 360w, /storage/images/vanille%2520Paste.jpg?hash=176e2d221a11752cc21e4033a1bdc09f2e0ebb43&amp;shop=6390bf67-3db7-4989-81d2-fd1d1df38751&amp;width=540&amp;height=2560 540w, /storage/images/vanille%2520Paste.jpg?hash=176e2d221a11752cc21e4033a1bdc09f2e0ebb43&amp;shop=6390bf67-3db7-4989-81d2-fd1d1df38751&amp;width=720&amp;height=2560 720w, /storage/images/vanille%2520Paste.jpg?hash=176e2d221a11752cc21e4033a1bdc09f2e0ebb43&amp;shop=6390bf67-3db7-4989-81d2-fd1d1df38751&amp;width=900&amp;height=2560 900w, /storage/images/vanille%2520Paste.jpg?hash=176e2d221a11752cc21e4033a1bdc09f2e0ebb43&amp;shop=6390bf67-3db7-4989-81d2-fd1d1df38751&amp;width=1080&amp;height=2560 1080w, /storage/images/vanille%2520Paste.jpg?hash=176e2d221a11752cc21e4033a1bdc09f2e0ebb43&amp;shop=6390bf67-3db7-4989-81d2-fd1d1df38751&amp;width=1296&amp;height=2560 1296w, /storage/images/vanille%2520Paste.jpg?hash=176e2d221a11752cc21e4033a1bdc09f2e0ebb43&amp;shop=6390bf67-3db7-4989-81d2-fd1d1df38751&amp;width=1512&amp;height=2560 1512w, /storage/images/vanille%2520Paste.jpg?hash=176e2d221a11752cc21e4033a1bdc09f2e0ebb43&amp;shop=6390bf67-3db7-4989-81d2-fd1d1df38751&amp;width=1728&amp;height=2560 1728w, /storage/images/vanille%2520Paste.jpg?hash=176e2d221a11752cc21e4033a1bdc09f2e0ebb43&amp;shop=6390bf67-3db7-4989-81d2-fd1d1df38751&amp;width=1944&amp;height=2560 1944w, /storage/images/vanille%2520Paste.jpg?hash=176e2d221a11752cc21e4033a1bdc09f2e0ebb43&amp;shop=6390bf67-3db7-4989-81d2-fd1d1df38751&amp;width=2160&amp;height=2560 2160w, /storage/images/vanille%2520Paste.jpg?hash=176e2d221a11752cc21e4033a1bdc09f2e0ebb43&amp;shop=6390bf67-3db7-4989-81d2-fd1d1df38751&amp;width=2376&amp;height=2560 2376w, /storage/images/vanille%2520Paste.jpg?hash=176e2d221a11752cc21e4033a1bdc09f2e0ebb43&amp;shop=6390bf67-3db7-4989-81d2-fd1d1df38751&amp;width=2393&amp;height=2560 2393w"><noscript><img src="/storage/images/vanille%2520Paste.jpg?hash=176e2d221a11752cc21e4033a1bdc09f2e0ebb43&amp;shop=6390bf67-3db7-4989-81d2-fd1d1df38751&amp;width=600&amp;height=2560" alt="" width="2393" height="1346"/></noscript></div><div class="dali-teaser" data-overlay-color="blackColor" data-text-color="whiteColor" data-button-color="whiteColor" style="--opacity:0.4"><div class="dali-teaser-inner"><div class="dali-teaser-inner-content"><h2 class="dali-teaser-inner-content-headline">DIE Alternative: Bourbon  Vanille Paste und Extrakt</h2></div></div></div></a></div></div></div></div><div class="dali-grid-element"><div class="dali-grid-element"><div class="dali-grid-element-wrapper"><div class="dali-plugin-text"><div class="dali-plugin-text-content"><p></p></div></div></div></div></div></div></div></div><div id="block-a06137cc-98c9-474e-92b7-936eedbc374f" data-testid="block-a06137cc-98c9-474e-92b7-936eedbc374f" class="dali-block" data-block-type="image+text-image+text-image+text" style="background-color:transparent;background-origin:border-box"><div class="dali-grid-row"><div class="dali-grid-column"><div class="dali-grid-element"><div class="dali-grid-element"><div class="dali-grid-element-wrapper"><div class="dali-plugin-image"><a href="https://madavanilla.de/c/madavanilla-shop/bbq" target="_blank" rel="noopener noreferrer" class="dali-image-wrapper"><div class="dali-plugin-image-content" style="--aspect-ratio:1.7826086956521738"><img class="lazyautosizes lazyloaded" data-sizes="auto" alt="" decoding="async" width="328" height="184" data-srcset="/storage/images/Barbecue.jpg?hash=56eb4f27deb8b5b4ee348927bed4867a4a2bda9c&amp;shop=6390bf67-3db7-4989-81d2-fd1d1df38751&amp;width=180&amp;height=2560 180w, /storage/images/Barbecue.jpg?hash=56eb4f27deb8b5b4ee348927bed4867a4a2bda9c&amp;shop=6390bf67-3db7-4989-81d2-fd1d1df38751&amp;width=328&amp;height=2560 328w" sizes="366px" srcset="/storage/images/Barbecue.jpg?hash=56eb4f27deb8b5b4ee348927bed4867a4a2bda9c&amp;shop=6390bf67-3db7-4989-81d2-fd1d1df38751&amp;width=180&amp;height=2560 180w, /storage/images/Barbecue.jpg?hash=56eb4f27deb8b5b4ee348927bed4867a4a2bda9c&amp;shop=6390bf67-3db7-4989-81d2-fd1d1df38751&amp;width=328&amp;height=2560 328w"><noscript><img src="/storage/images/Barbecue.jpg?hash=56eb4f27deb8b5b4ee348927bed4867a4a2bda9c&amp;shop=6390bf67-3db7-4989-81d2-fd1d1df38751&amp;width=600&amp;height=2560" alt="" width="328" height="184"/></noscript></div><div class="dali-teaser" data-overlay-color="blackColor" data-text-color="whiteColor" data-button-color="whiteColor" style="--opacity:0.4"><div class="dali-teaser-inner"><div class="dali-teaser-inner-content"><h2 class="dali-teaser-inner-content-headline">Alles rund um BBQ (Gewürze, Dipp, Kräuter...)</h2></div></div></div></a></div></div></div></div><div class="dali-grid-element"><div class="dali-grid-element"><div class="dali-grid-element-wrapper"><div class="dali-plugin-text"><div class="dali-plugin-text-content"><p></p></div></div></div></div></div></div><div class="dali-grid-column"><div class="dali-grid-element"><div class="dali-grid-element"><div class="dali-grid-element-wrapper"><div class="dali-plugin-image"><a href="https://madavanilla.de/c/madavanilla-shop/gewuerze-und-kraeuter" target="_blank" rel="noopener noreferrer" class="dali-image-wrapper"><div class="dali-plugin-image-content" style="--aspect-ratio:1.777491961414791"><img class="lazyautosizes lazyloaded" data-sizes="auto" alt="" decoding="async" width="2764" height="1555" data-srcset="/storage/images/Gew%25C3%25BCrze.jpg?hash=2af85e63a991bbac7523df8a21d7652f03fc8bce&amp;shop=6390bf67-3db7-4989-81d2-fd1d1df38751&amp;width=180&amp;height=2560 180w, /storage/images/Gew%25C3%25BCrze.jpg?hash=2af85e63a991bbac7523df8a21d7652f03fc8bce&amp;shop=6390bf67-3db7-4989-81d2-fd1d1df38751&amp;width=360&amp;height=2560 360w, /storage/images/Gew%25C3%25BCrze.jpg?hash=2af85e63a991bbac7523df8a21d7652f03fc8bce&amp;shop=6390bf67-3db7-4989-81d2-fd1d1df38751&amp;width=540&amp;height=2560 540w, /storage/images/Gew%25C3%25BCrze.jpg?hash=2af85e63a991bbac7523df8a21d7652f03fc8bce&amp;shop=6390bf67-3db7-4989-81d2-fd1d1df38751&amp;width=720&amp;height=2560 720w, /storage/images/Gew%25C3%25BCrze.jpg?hash=2af85e63a991bbac7523df8a21d7652f03fc8bce&amp;shop=6390bf67-3db7-4989-81d2-fd1d1df38751&amp;width=900&amp;height=2560 900w, /storage/images/Gew%25C3%25BCrze.jpg?hash=2af85e63a991bbac7523df8a21d7652f03fc8bce&amp;shop=6390bf67-3db7-4989-81d2-fd1d1df38751&amp;width=1080&amp;height=2560 1080w, /storage/images/Gew%25C3%25BCrze.jpg?hash=2af85e63a991bbac7523df8a21d7652f03fc8bce&amp;shop=6390bf67-3db7-4989-81d2-fd1d1df38751&amp;width=1296&amp;height=2560 1296w, /storage/images/Gew%25C3%25BCrze.jpg?hash=2af85e63a991bbac7523df8a21d7652f03fc8bce&amp;shop=6390bf67-3db7-4989-81d2-fd1d1df38751&amp;width=1512&amp;height=2560 1512w, /storage/images/Gew%25C3%25BCrze.jpg?hash=2af85e63a991bbac7523df8a21d7652f03fc8bce&amp;shop=6390bf67-3db7-4989-81d2-fd1d1df38751&amp;width=1728&amp;height=2560 1728w, /storage/images/Gew%25C3%25BCrze.jpg?hash=2af85e63a991bbac7523df8a21d7652f03fc8bce&amp;shop=6390bf67-3db7-4989-81d2-fd1d1df38751&amp;width=1944&amp;height=2560 1944w, /storage/images/Gew%25C3%25BCrze.jpg?hash=2af85e63a991bbac7523df8a21d7652f03fc8bce&amp;shop=6390bf67-3db7-4989-81d2-fd1d1df38751&amp;width=2160&amp;height=2560 2160w, /storage/images/Gew%25C3%25BCrze.jpg?hash=2af85e63a991bbac7523df8a21d7652f03fc8bce&amp;shop=6390bf67-3db7-4989-81d2-fd1d1df38751&amp;width=2376&amp;height=2560 2376w, /storage/images/Gew%25C3%25BCrze.jpg?hash=2af85e63a991bbac7523df8a21d7652f03fc8bce&amp;shop=6390bf67-3db7-4989-81d2-fd1d1df38751&amp;width=2560&amp;height=2560 2560w" sizes="366px" srcset="/storage/images/Gew%25C3%25BCrze.jpg?hash=2af85e63a991bbac7523df8a21d7652f03fc8bce&amp;shop=6390bf67-3db7-4989-81d2-fd1d1df38751&amp;width=180&amp;height=2560 180w, /storage/images/Gew%25C3%25BCrze.jpg?hash=2af85e63a991bbac7523df8a21d7652f03fc8bce&amp;shop=6390bf67-3db7-4989-81d2-fd1d1df38751&amp;width=360&amp;height=2560 360w, /storage/images/Gew%25C3%25BCrze.jpg?hash=2af85e63a991bbac7523df8a21d7652f03fc8bce&amp;shop=6390bf67-3db7-4989-81d2-fd1d1df38751&amp;width=540&amp;height=2560 540w, /storage/images/Gew%25C3%25BCrze.jpg?hash=2af85e63a991bbac7523df8a21d7652f03fc8bce&amp;shop=6390bf67-3db7-4989-81d2-fd1d1df38751&amp;width=720&amp;height=2560 720w, /storage/images/Gew%25C3%25BCrze.jpg?hash=2af85e63a991bbac7523df8a21d7652f03fc8bce&amp;shop=6390bf67-3db7-4989-81d2-fd1d1df38751&amp;width=900&amp;height=2560 900w, /storage/images/Gew%25C3%25BCrze.jpg?hash=2af85e63a991bbac7523df8a21d7652f03fc8bce&amp;shop=6390bf67-3db7-4989-81d2-fd1d1df38751&amp;width=1080&amp;height=2560 1080w, /storage/images/Gew%25C3%25BCrze.jpg?hash=2af85e63a991bbac7523df8a21d7652f03fc8bce&amp;shop=6390bf67-3db7-4989-81d2-fd1d1df38751&amp;width=1296&amp;height=2560 1296w, /storage/images/Gew%25C3%25BCrze.jpg?hash=2af85e63a991bbac7523df8a21d7652f03fc8bce&amp;shop=6390bf67-3db7-4989-81d2-fd1d1df38751&amp;width=1512&amp;height=2560 1512w, /storage/images/Gew%25C3%25BCrze.jpg?hash=2af85e63a991bbac7523df8a21d7652f03fc8bce&amp;shop=6390bf67-3db7-4989-81d2-fd1d1df38751&amp;width=1728&amp;height=2560 1728w, /storage/images/Gew%25C3%25BCrze.jpg?hash=2af85e63a991bbac7523df8a21d7652f03fc8bce&amp;shop=6390bf67-3db7-4989-81d2-fd1d1df38751&amp;width=1944&amp;height=2560 1944w, /storage/images/Gew%25C3%25BCrze.jpg?hash=2af85e63a991bbac7523df8a21d7652f03fc8bce&amp;shop=6390bf67-3db7-4989-81d2-fd1d1df38751&amp;width=2160&amp;height=2560 2160w, /storage/images/Gew%25C3%25BCrze.jpg?hash=2af85e63a991bbac7523df8a21d7652f03fc8bce&amp;shop=6390bf67-3db7-4989-81d2-fd1d1df38751&amp;width=2376&amp;height=2560 2376w, /storage/images/Gew%25C3%25BCrze.jpg?hash=2af85e63a991bbac7523df8a21d7652f03fc8bce&amp;shop=6390bf67-3db7-4989-81d2-fd1d1df38751&amp;width=2560&amp;height=2560 2560w"><noscript><img src="/storage/images/Gew%25C3%25BCrze.jpg?hash=2af85e63a991bbac7523df8a21d7652f03fc8bce&amp;shop=6390bf67-3db7-4989-81d2-fd1d1df38751&amp;width=600&amp;height=2560" alt="" width="2764" height="1555"/></noscript></div><div class="dali-teaser" data-overlay-color="blackColor" data-text-color="whiteColor" data-button-color="whiteColor" style="--opacity:0.4"><div class="dali-teaser-inner"><div class="dali-teaser-inner-content"><h2 class="dali-teaser-inner-content-headline">Gewürze und Kräuter</h2></div></div></div></a></div></div></div></div><div class="dali-grid-element"><div class="dali-grid-element"><div class="dali-grid-element-wrapper"><div class="dali-plugin-text"><div class="dali-plugin-text-content"><p></p></div></div></div></div></div></div><div class="dali-grid-column"><div class="dali-grid-element"><div class="dali-grid-element"><div class="dali-grid-element-wrapper"><div class="dali-plugin-image"><a href="https://madavanilla.de/c/madavanilla-shop/fruechte-fruchtpulver-nuesse-muesli" target="_blank" rel="noopener noreferrer" class="dali-image-wrapper"><div class="dali-plugin-image-content" style="--aspect-ratio:1.7791044776119402"><img class="lazyautosizes lazyloaded" data-sizes="auto" alt="" decoding="async" width="596" height="335" data-srcset="/storage/images/Erdbeeren.jpg?hash=952e2f6fbdf26487b56a4e3ff74ee394a15b9402&amp;shop=6390bf67-3db7-4989-81d2-fd1d1df38751&amp;width=180&amp;height=2560 180w, /storage/images/Erdbeeren.jpg?hash=952e2f6fbdf26487b56a4e3ff74ee394a15b9402&amp;shop=6390bf67-3db7-4989-81d2-fd1d1df38751&amp;width=360&amp;height=2560 360w, /storage/images/Erdbeeren.jpg?hash=952e2f6fbdf26487b56a4e3ff74ee394a15b9402&amp;shop=6390bf67-3db7-4989-81d2-fd1d1df38751&amp;width=540&amp;height=2560 540w, /storage/images/Erdbeeren.jpg?hash=952e2f6fbdf26487b56a4e3ff74ee394a15b9402&amp;shop=6390bf67-3db7-4989-81d2-fd1d1df38751&amp;width=596&amp;height=2560 596w" sizes="366px" srcset="/storage/images/Erdbeeren.jpg?hash=952e2f6fbdf26487b56a4e3ff74ee394a15b9402&amp;shop=6390bf67-3db7-4989-81d2-fd1d1df38751&amp;width=180&amp;height=2560 180w, /storage/images/Erdbeeren.jpg?hash=952e2f6fbdf26487b56a4e3ff74ee394a15b9402&amp;shop=6390bf67-3db7-4989-81d2-fd1d1df38751&amp;width=360&amp;height=2560 360w, /storage/images/Erdbeeren.jpg?hash=952e2f6fbdf26487b56a4e3ff74ee394a15b9402&amp;shop=6390bf67-3db7-4989-81d2-fd1d1df38751&amp;width=540&amp;height=2560 540w, /storage/images/Erdbeeren.jpg?hash=952e2f6fbdf26487b56a4e3ff74ee394a15b9402&amp;shop=6390bf67-3db7-4989-81d2-fd1d1df38751&amp;width=596&amp;height=2560 596w"><noscript><img src="/storage/images/Erdbeeren.jpg?hash=952e2f6fbdf26487b56a4e3ff74ee394a15b9402&amp;shop=6390bf67-3db7-4989-81d2-fd1d1df38751&amp;width=600&amp;height=2560" alt="" width="596" height="335"/></noscript></div><div class="dali-teaser" data-overlay-color="blackColor" data-text-color="whiteColor" data-button-color="whiteColor" style="--opacity:0.4"><div class="dali-teaser-inner"><div class="dali-teaser-inner-content"><h2 class="dali-teaser-inner-content-headline">Natur Fruchtpulver</h2></div></div></div></a></div></div></div></div><div class="dali-grid-element"><div class="dali-grid-element"><div class="dali-grid-element-wrapper"><div class="dali-plugin-text"><div class="dali-plugin-text-content"><p></p></div></div></div></div></div></div></div></div><div id="block-771ebaa8-d5c3-4b3c-870d-8d57ac23697f" data-testid="block-771ebaa8-d5c3-4b3c-870d-8d57ac23697f" class="dali-block" data-block-type="image+text-image+text-image+text" style="background-color:transparent;background-origin:border-box"><div class="dali-grid-row"><div class="dali-grid-column"><div class="dali-grid-element"><div class="dali-grid-element"><div class="dali-grid-element-wrapper"><div class="dali-plugin-image"><a href="https://madavanilla.de/c/madavanilla-shop/fruechte-fruchtpulver-nuesse-muesli" target="_blank" rel="noopener noreferrer" class="dali-image-wrapper"><div class="dali-plugin-image-content" style="--aspect-ratio:1.7842105263157895"><img class="lazyload" data-src="/storage/images/Trockenfr%25C3%25BCchte2.jpg?hash=e5ecba7655d7b3f7b4a0115d3d946ce71dea404d&amp;shop=6390bf67-3db7-4989-81d2-fd1d1df38751&amp;width={width}&amp;height=2560" data-sizes="auto" alt="" decoding="async" width="339" height="190"><noscript><img src="/storage/images/Trockenfr%25C3%25BCchte2.jpg?hash=e5ecba7655d7b3f7b4a0115d3d946ce71dea404d&amp;shop=6390bf67-3db7-4989-81d2-fd1d1df38751&amp;width=600&amp;height=2560" alt="" width="339" height="190"/></noscript></div><div class="dali-teaser" data-overlay-color="blackColor" data-text-color="whiteColor" data-button-color="whiteColor" style="--opacity:0.4"><div class="dali-teaser-inner"><div class="dali-teaser-inner-content"><h2 class="dali-teaser-inner-content-headline">Trockenfrüchte, Nüsse und Saaten</h2></div></div></div></a></div></div></div></div><div class="dali-grid-element"><div class="dali-grid-element"><div class="dali-grid-element-wrapper"><div class="dali-plugin-text"><div class="dali-plugin-text-content"><p></p></div></div></div></div></div></div><div class="dali-grid-column"><div class="dali-grid-element"><div class="dali-grid-element"><div class="dali-grid-element-wrapper"><div class="dali-plugin-image"><a href="https://madavanilla.de/c/madavanilla-shop/tee" target="_blank" rel="noopener noreferrer" class="dali-image-wrapper"><div class="dali-plugin-image-content" style="--aspect-ratio:1.7842105263157895"><img class="lazyload" data-src="/storage/images/Fotolia_93063353_XS.jpg?hash=124faf0cb93e46caac02a782e43aab1a13791f38&amp;shop=6390bf67-3db7-4989-81d2-fd1d1df38751&amp;width={width}&amp;height=2560" data-sizes="auto" alt="" decoding="async" width="339" height="190"><noscript><img src="/storage/images/Fotolia_93063353_XS.jpg?hash=124faf0cb93e46caac02a782e43aab1a13791f38&amp;shop=6390bf67-3db7-4989-81d2-fd1d1df38751&amp;width=600&amp;height=2560" alt="" width="339" height="190"/></noscript></div><div class="dali-teaser" data-overlay-color="blackColor" data-text-color="whiteColor" data-button-color="whiteColor" style="--opacity:0.4"><div class="dali-teaser-inner"><div class="dali-teaser-inner-content"><h2 class="dali-teaser-inner-content-headline">TEE (Rooibos, Grün, Schwarz, Kräuter, Früchte...)</h2></div></div></div></a></div></div></div></div><div class="dali-grid-element"><div class="dali-grid-element"><div class="dali-grid-element-wrapper"><div class="dali-plugin-text"><div class="dali-plugin-text-content"><p></p></div></div></div></div></div></div><div class="dali-grid-column"><div class="dali-grid-element"><div class="dali-grid-element"><div class="dali-grid-element-wrapper"><div class="dali-plugin-image"><a href="https://madavanilla.de/c/madavanilla-shop/gewuerzmischungen-curry-dipp" target="_blank" rel="noopener noreferrer" class="dali-image-wrapper"><div class="dali-plugin-image-content" style="--aspect-ratio:1.7777777777777777"><img class="lazyload" data-src="/storage/images/Curry%2520f%25C3%25BCr%2520Box.jpg?hash=de85037c616d11d897cfeb46fdf093a050170a7f&amp;shop=6390bf67-3db7-4989-81d2-fd1d1df38751&amp;width={width}&amp;height=2560" data-sizes="auto" alt="" decoding="async" width="640" height="360"><noscript><img src="/storage/images/Curry%2520f%25C3%25BCr%2520Box.jpg?hash=de85037c616d11d897cfeb46fdf093a050170a7f&amp;shop=6390bf67-3db7-4989-81d2-fd1d1df38751&amp;width=600&amp;height=2560" alt="" width="640" height="360"/></noscript></div><div class="dali-teaser" data-overlay-color="blackColor" data-text-color="whiteColor" data-button-color="whiteColor" style="--opacity:0.4"><div class="dali-teaser-inner"><div class="dali-teaser-inner-content"><h2 class="dali-teaser-inner-content-headline">Gewürzmischungen</h2></div></div></div></a></div></div></div></div><div class="dali-grid-element"><div class="dali-grid-element"><div class="dali-grid-element-wrapper"><div class="dali-plugin-text"><div class="dali-plugin-text-content"><p></p></div></div></div></div></div></div></div></div><div id="block-1f9d7741-9561-437d-a950-9a1bbdcc696e" data-testid="block-1f9d7741-9561-437d-a950-9a1bbdcc696e" class="dali-block" data-block-type="epages.text" style="background-color:transparent;background-origin:border-box"><div class="dali-grid-row"><div class="dali-grid-column"><div class="dali-grid-element"><div class="dali-grid-element-wrapper"><div class="dali-plugin-text"><div class="dali-plugin-text-content"><h2 style="text-align:center"><strong>NEWSLETTER Anmeldung  </strong></h2><p style="text-align:center"><strong>(Veranstaltungen, Tipps, GUTSCHEINE, Gewinnspiele, Neugikeiten, Rabattaktionen, Rezepte uvm.)</strong></p></div></div></div></div></div></div></div><div id="block-c5b390f6-7e03-4b9c-a3a1-9f9a500f2995" data-testid="block-c5b390f6-7e03-4b9c-a3a1-9f9a500f2995" class="dali-block" data-block-type="epages.html" style="background-color:transparent;background-origin:border-box"><div class="dali-grid-row"><div class="dali-grid-column"><div class="dali-grid-element"><div class="dali-grid-element-wrapper"><div class="dali-plugin-freehtml"><iframe src="https://ionos-bdc4e49b9.sendserver.email/hp/429q90NcmTHLNUzwZ0SnOw/signup" style="width:100%;border-width:0px;background-color:#ffffff;height:215px;" border="0"></iframe></div></div></div></div></div></div><div id="block-da613749-f9de-47d6-85c4-84ed8353ac9d" data-testid="block-da613749-f9de-47d6-85c4-84ed8353ac9d" class="dali-block" data-block-type="epages.productslider" style="background-color:transparent;background-origin:border-box"><div class="dali-grid-row"><div class="dali-grid-column"><div class="dali-grid-element"><div class="dali-grid-element-wrapper"><div class="dali-plugin-text"><div class="dali-plugin-text-content"><h2>Geschenkboxen mit Rezepte/Infos (neu)</h2></div></div></div></div><div><div class="dali-grid-element"><div class="dali-grid-element-wrapper"><div class="product-slider"><div style="--slide-width: 220px;"><div class="swiper-container swiper-container-initialized swiper-container-horizontal swiper-container-pointer-events" style="cursor: grab;"><div class="swiper-wrapper product-item-list grid-col-s" id="swiper-wrapper-51017018e7553b565" aria-live="polite" style="transform: translate3d(0px, 0px, 0px);"><div class="swiper-slide product-item-list-swiper-slide swiper-slide-active" style="width: 220px; margin-right: 30px;"><div class="product-item" itemscope="" itemtype="http://schema.org/Product"><meta itemprop="sku" content="20242784[1]"><meta itemprop="gtin13" content="4262446331841"><meta itemprop="image" content="/storage/images/image?remote=https%3A%2F%2Fmadavanilla.de%2FWebRoot%2FStore7%2FShops%2F6390bf67-3db7-4989-81d2-fd1d1df38751%2F65AE%2F6218%2FC3F9%2F3F1C%2F8086%2F0A48%2F352C%2FAF89%2FBruschetta1.JPG&amp;shop=6390bf67-3db7-4989-81d2-fd1d1df38751&amp;width=600&amp;height=2560"><a itemprop="url" class="product-item-link" href="/p/bruschetta-pesto-box-geschenkbox-mit-4-gewuerzmischungen-mit-info-rezept-flyer"><div class="product-item-image-container"><img class="lazyload product-item-image" data-src="/storage/images/image?remote=https%3A%2F%2Fmadavanilla.de%2FWebRoot%2FStore7%2FShops%2F6390bf67-3db7-4989-81d2-fd1d1df38751%2F65AE%2F6218%2FC3F9%2F3F1C%2F8086%2F0A48%2F352C%2FAF89%2FBruschetta1.JPG&amp;shop=6390bf67-3db7-4989-81d2-fd1d1df38751&amp;width={width}&amp;height=2560" data-sizes="auto" alt="Bruschetta/Pesto Box - Geschenkbox mit 4 Gewürzmischungen + mit Info/Rezept Flyer" decoding="async" width="864" height="1080"><noscript></noscript></div><h2 class="product-item-title" itemprop="name">Bruschetta/Pesto Box - Geschenkbox mit 4 Gewürzmischungen + mit Info/Rezept Flyer</h2></a><div class="product-item-info-box"><div class="product-item-price no-stock-level"><div itemscope="" itemprop="offers" itemtype="http://schema.org/Offer"><meta itemprop="url" content="/p/bruschetta-pesto-box-geschenkbox-mit-4-gewuerzmischungen-mit-info-rezept-flyer"><meta itemprop="price" content="10"><meta itemprop="priceCurrency" content="EUR"><link itemprop="itemCondition" href="http://schema.org/NewCondition"></div><span class="product-item-price-reference">(1 kg = 50,00 €)</span><h3 class="product-item-price-new">10,00 €</h3></div></div></div></div><div class="swiper-slide product-item-list-swiper-slide swiper-slide-next" style="width: 220px; margin-right: 30px;"><div class="product-item" itemscope="" itemtype="http://schema.org/Product"><meta itemprop="sku" content="20242784[2]"><meta itemprop="gtin13" content="4262446331858"><meta itemprop="image" content="/storage/images/image?remote=https%3A%2F%2Fmadavanilla.de%2FWebRoot%2FStore7%2FShops%2F6390bf67-3db7-4989-81d2-fd1d1df38751%2F65AE%2F638F%2F58DF%2F517B%2F5064%2F0A48%2F353D%2F2BEB%2FChai_Latte_1.JPG&amp;shop=6390bf67-3db7-4989-81d2-fd1d1df38751&amp;width=600&amp;height=2560"><a itemprop="url" class="product-item-link" href="/p/chai-latte-box-geschenkbox-mit-4-gewuerzmischungen-mit-info-rezept-flyer"><div class="product-item-image-container"><img class="lazyload product-item-image" data-src="/storage/images/image?remote=https%3A%2F%2Fmadavanilla.de%2FWebRoot%2FStore7%2FShops%2F6390bf67-3db7-4989-81d2-fd1d1df38751%2F65AE%2F638F%2F58DF%2F517B%2F5064%2F0A48%2F353D%2F2BEB%2FChai_Latte_1.JPG&amp;shop=6390bf67-3db7-4989-81d2-fd1d1df38751&amp;width={width}&amp;height=2560" data-sizes="auto" alt="Chai Latte Box - Geschenkbox mit 4 Gewürzmischungen + mit Info/Rezept Flyer" decoding="async" width="864" height="1080"><noscript></noscript></div><h2 class="product-item-title" itemprop="name">Chai Latte Box - Geschenkbox mit 4 Gewürzmischungen + mit Info/Rezept Flyer</h2></a><div class="product-item-info-box"><div class="product-item-price no-stock-level"><div itemscope="" itemprop="offers" itemtype="http://schema.org/Offer"><meta itemprop="url" content="/p/chai-latte-box-geschenkbox-mit-4-gewuerzmischungen-mit-info-rezept-flyer"><meta itemprop="price" content="16"><meta itemprop="priceCurrency" content="EUR"><link itemprop="itemCondition" href="http://schema.org/NewCondition"></div><span class="product-item-price-reference">(1 kg = 80,00 €)</span><h3 class="product-item-price-new">16,00 €</h3></div></div></div></div><div class="swiper-slide product-item-list-swiper-slide" style="width: 220px; margin-right: 30px;"><div class="product-item" itemscope="" itemtype="http://schema.org/Product"><meta itemprop="sku" content="20242784[4]"><meta itemprop="gtin13" content="4262446331889"><meta itemprop="image" content="/storage/images/image?remote=https%3A%2F%2Fmadavanilla.de%2FWebRoot%2FStore7%2FShops%2F6390bf67-3db7-4989-81d2-fd1d1df38751%2F65AE%2F6C43%2FF6BA%2FF6FF%2F8B1C%2F0A48%2F35D6%2FA25A%2FAyrveda1.JPG&amp;shop=6390bf67-3db7-4989-81d2-fd1d1df38751&amp;width=600&amp;height=2560"><a itemprop="url" class="product-item-link" href="/p/ayurveda-box-geschenkbox-mit-4-gewuerzmischungen-mit-info-rezept-flyer"><div class="product-item-image-container"><img class="lazyload product-item-image" data-src="/storage/images/image?remote=https%3A%2F%2Fmadavanilla.de%2FWebRoot%2FStore7%2FShops%2F6390bf67-3db7-4989-81d2-fd1d1df38751%2F65AE%2F6C43%2FF6BA%2FF6FF%2F8B1C%2F0A48%2F35D6%2FA25A%2FAyrveda1.JPG&amp;shop=6390bf67-3db7-4989-81d2-fd1d1df38751&amp;width={width}&amp;height=2560" data-sizes="auto" alt="Ayurveda Box - Geschenkbox mit 4 Gewürzmischungen + mit Info/Rezept Flyer" decoding="async" width="864" height="1080"><noscript></noscript></div><h2 class="product-item-title" itemprop="name">Ayurveda Box - Geschenkbox mit 4 Gewürzmischungen + mit Info/Rezept Flyer</h2></a><div class="product-item-info-box"><div class="product-item-price no-stock-level"><div itemscope="" itemprop="offers" itemtype="http://schema.org/Offer"><meta itemprop="url" content="/p/ayurveda-box-geschenkbox-mit-4-gewuerzmischungen-mit-info-rezept-flyer"><meta itemprop="price" content="10"><meta itemprop="priceCurrency" content="EUR"><link itemprop="itemCondition" href="http://schema.org/NewCondition"></div><span class="product-item-price-reference">(1 kg = 50,00 €)</span><h3 class="product-item-price-new">10,00 €</h3></div></div></div></div><div class="swiper-slide product-item-list-swiper-slide" style="width: 220px; margin-right: 30px;"><div class="product-item" itemscope="" itemtype="http://schema.org/Product"><meta itemprop="sku" content="20242784[5]"><meta itemprop="gtin13" content="4262446331896"><meta itemprop="image" content="/storage/images/image?remote=https%3A%2F%2Fmadavanilla.de%2FWebRoot%2FStore7%2FShops%2F6390bf67-3db7-4989-81d2-fd1d1df38751%2F65AE%2F6D98%2F1B9B%2F5AA7%2F61AE%2F0A48%2F352C%2FD1F2%2FAsia1.JPG&amp;shop=6390bf67-3db7-4989-81d2-fd1d1df38751&amp;width=600&amp;height=2560"><a itemprop="url" class="product-item-link" href="/p/asia-box-geschenkbox-mit-4-gewuerzmischungen-mit-info-rezept-flyer"><div class="product-item-image-container"><img class="lazyload product-item-image" data-src="/storage/images/image?remote=https%3A%2F%2Fmadavanilla.de%2FWebRoot%2FStore7%2FShops%2F6390bf67-3db7-4989-81d2-fd1d1df38751%2F65AE%2F6D98%2F1B9B%2F5AA7%2F61AE%2F0A48%2F352C%2FD1F2%2FAsia1.JPG&amp;shop=6390bf67-3db7-4989-81d2-fd1d1df38751&amp;width={width}&amp;height=2560" data-sizes="auto" alt="Asia Box - Geschenkbox mit 4 Gewürzmischungen + mit Info/Rezept Flyer" decoding="async" width="864" height="1080"><noscript></noscript></div><h2 class="product-item-title" itemprop="name">Asia Box - Geschenkbox mit 4 Gewürzmischungen + mit Info/Rezept Flyer</h2></a><div class="product-item-info-box"><div class="product-item-price no-stock-level"><div itemscope="" itemprop="offers" itemtype="http://schema.org/Offer"><meta itemprop="url" content="/p/asia-box-geschenkbox-mit-4-gewuerzmischungen-mit-info-rezept-flyer"><meta itemprop="price" content="10"><meta itemprop="priceCurrency" content="EUR"><link itemprop="itemCondition" href="http://schema.org/NewCondition"></div><span class="product-item-price-reference">(1 kg = 50,00 €)</span><h3 class="product-item-price-new">10,00 €</h3></div></div></div></div><div class="swiper-slide product-item-list-swiper-slide" style="width: 220px; margin-right: 30px;"><div class="product-item" itemscope="" itemtype="http://schema.org/Product"><meta itemprop="sku" content="20242784[7]"><meta itemprop="gtin13" content="4262446331919"><meta itemprop="image" content="/storage/images/image?remote=https%3A%2F%2Fmadavanilla.de%2FWebRoot%2FStore7%2FShops%2F6390bf67-3db7-4989-81d2-fd1d1df38751%2F65AE%2F6F05%2F8E93%2F3DEF%2FE780%2F0A48%2F35D6%2FA24F%2FXmas1.JPG&amp;shop=6390bf67-3db7-4989-81d2-fd1d1df38751&amp;width=600&amp;height=2560"><a itemprop="url" class="product-item-link" href="/p/x-mas-box-geschenkbox-mit-4-gewuerzmischungen-mit-info-rezept-flyer"><div class="product-item-image-container"><img class="lazyload product-item-image" data-src="/storage/images/image?remote=https%3A%2F%2Fmadavanilla.de%2FWebRoot%2FStore7%2FShops%2F6390bf67-3db7-4989-81d2-fd1d1df38751%2F65AE%2F6F05%2F8E93%2F3DEF%2FE780%2F0A48%2F35D6%2FA24F%2FXmas1.JPG&amp;shop=6390bf67-3db7-4989-81d2-fd1d1df38751&amp;width={width}&amp;height=2560" data-sizes="auto" alt="X-mas Box - Geschenkbox mit 4 Gewürzmischungen + mit Info/Rezept Flyer" decoding="async" width="864" height="1080"><noscript></noscript></div><h2 class="product-item-title" itemprop="name">X-mas Box - Geschenkbox mit 4 Gewürzmischungen + mit Info/Rezept Flyer</h2></a><div class="product-item-info-box"><div class="product-item-price no-stock-level"><div itemscope="" itemprop="offers" itemtype="http://schema.org/Offer"><meta itemprop="url" content="/p/x-mas-box-geschenkbox-mit-4-gewuerzmischungen-mit-info-rezept-flyer"><meta itemprop="price" content="10"><meta itemprop="priceCurrency" content="EUR"><link itemprop="itemCondition" href="http://schema.org/NewCondition"></div><span class="product-item-price-reference">(1 kg = 50,00 €)</span><h3 class="product-item-price-new">10,00 €</h3></div></div></div></div><div class="swiper-slide product-item-list-swiper-slide" style="width: 220px; margin-right: 30px;"><div class="product-item" itemscope="" itemtype="http://schema.org/Product"><meta itemprop="sku" content="20242784[12]"><meta itemprop="gtin13" content="4262446331964"><meta itemprop="image" content="/storage/images/image?remote=https%3A%2F%2Fmadavanilla.de%2FWebRoot%2FStore7%2FShops%2F6390bf67-3db7-4989-81d2-fd1d1df38751%2F65AE%2F7AC2%2F6011%2F2FCC%2FE24F%2F0A48%2F35D6%2F394A%2FBayern1.JPG&amp;shop=6390bf67-3db7-4989-81d2-fd1d1df38751&amp;width=600&amp;height=2560"><a itemprop="url" class="product-item-link" href="/p/bayern-box-geschenkbox-mit-4-gewuerzmischungen-mit-info-rezept-flyer"><div class="product-item-image-container"><img class="lazyload product-item-image" data-src="/storage/images/image?remote=https%3A%2F%2Fmadavanilla.de%2FWebRoot%2FStore7%2FShops%2F6390bf67-3db7-4989-81d2-fd1d1df38751%2F65AE%2F7AC2%2F6011%2F2FCC%2FE24F%2F0A48%2F35D6%2F394A%2FBayern1.JPG&amp;shop=6390bf67-3db7-4989-81d2-fd1d1df38751&amp;width={width}&amp;height=2560" data-sizes="auto" alt="Bayern Box - Geschenkbox mit 4 Gewürzmischungen + mit Info/Rezept Flyer" decoding="async" width="864" height="1080"><noscript></noscript></div><h2 class="product-item-title" itemprop="name">Bayern Box - Geschenkbox mit 4 Gewürzmischungen + mit Info/Rezept Flyer</h2></a><div class="product-item-info-box"><div class="product-item-price no-stock-level"><div itemscope="" itemprop="offers" itemtype="http://schema.org/Offer"><meta itemprop="url" content="/p/bayern-box-geschenkbox-mit-4-gewuerzmischungen-mit-info-rezept-flyer"><meta itemprop="price" content="10"><meta itemprop="priceCurrency" content="EUR"><link itemprop="itemCondition" href="http://schema.org/NewCondition"></div><span class="product-item-price-reference">(1 kg = 50,00 €)</span><h3 class="product-item-price-new">10,00 €</h3></div></div></div></div><div class="swiper-slide product-item-list-swiper-slide" style="width: 220px; margin-right: 30px;"><div class="product-item" itemscope="" itemtype="http://schema.org/Product"><meta itemprop="sku" content="20242784[16]"><meta itemprop="gtin13" content="4262446331865"><meta itemprop="image" content="/storage/images/image?remote=https%3A%2F%2Fmadavanilla.de%2FWebRoot%2FStore7%2FShops%2F6390bf67-3db7-4989-81d2-fd1d1df38751%2F65B0%2FC447%2F3854%2F1749%2FC8DE%2F0A48%2F352C%2FC88D%2FHot_Box_1.JPG&amp;shop=6390bf67-3db7-4989-81d2-fd1d1df38751&amp;width=600&amp;height=2560"><a itemprop="url" class="product-item-link" href="/p/hot-geschenkbox-geschenkbox-mit-4-gewuerzmischungen-very-hot-mit-info-rezept-flyer"><div class="product-item-image-container"><img class="lazyload product-item-image" data-src="/storage/images/image?remote=https%3A%2F%2Fmadavanilla.de%2FWebRoot%2FStore7%2FShops%2F6390bf67-3db7-4989-81d2-fd1d1df38751%2F65B0%2FC447%2F3854%2F1749%2FC8DE%2F0A48%2F352C%2FC88D%2FHot_Box_1.JPG&amp;shop=6390bf67-3db7-4989-81d2-fd1d1df38751&amp;width={width}&amp;height=2560" data-sizes="auto" alt="Hot Geschenkbox - Geschenkbox mit 4 Gewürzmischungen (very hot!) + mit Info/Rezept Flyer" decoding="async" width="864" height="1080"><noscript></noscript></div><h2 class="product-item-title" itemprop="name">Hot Geschenkbox - Geschenkbox mit 4 Gewürzmischungen (very hot!) + mit Info/Rezept Flyer</h2></a><div class="product-item-info-box"><div class="product-item-price no-stock-level"><div itemscope="" itemprop="offers" itemtype="http://schema.org/Offer"><meta itemprop="url" content="/p/hot-geschenkbox-geschenkbox-mit-4-gewuerzmischungen-very-hot-mit-info-rezept-flyer"><meta itemprop="price" content="10"><meta itemprop="priceCurrency" content="EUR"><link itemprop="itemCondition" href="http://schema.org/NewCondition"></div><span class="product-item-price-reference">(1 kg = 54,05 €)</span><h3 class="product-item-price-new">10,00 €</h3></div></div></div></div><div class="swiper-slide product-item-list-swiper-slide" style="width: 220px; margin-right: 30px;"><div class="product-item" itemscope="" itemtype="http://schema.org/Product"><meta itemprop="sku" content="20242784[11]"><meta itemprop="gtin13" content="4262446331872"><meta itemprop="image" content="/storage/images/image?remote=https%3A%2F%2Fmadavanilla.de%2FWebRoot%2FStore7%2FShops%2F6390bf67-3db7-4989-81d2-fd1d1df38751%2F65AE%2F7600%2FAC37%2F44A3%2FB786%2F0A48%2F353C%2F808F%2Fcurry1.JPG&amp;shop=6390bf67-3db7-4989-81d2-fd1d1df38751&amp;width=600&amp;height=2560"><a itemprop="url" class="product-item-link" href="/p/xxl-curry-box-geschenkbox-mit-8-gewuerzmischungen-mit-info-rezept-flyer"><div class="product-item-image-container"><img class="lazyload product-item-image" data-src="/storage/images/image?remote=https%3A%2F%2Fmadavanilla.de%2FWebRoot%2FStore7%2FShops%2F6390bf67-3db7-4989-81d2-fd1d1df38751%2F65AE%2F7600%2FAC37%2F44A3%2FB786%2F0A48%2F353C%2F808F%2Fcurry1.JPG&amp;shop=6390bf67-3db7-4989-81d2-fd1d1df38751&amp;width={width}&amp;height=2560" data-sizes="auto" alt="XXL Curry Box - Geschenkbox mit 8 Gewürzmischungen + mit Info/Rezept Flyer" decoding="async" width="864" height="1080"><noscript></noscript></div><h2 class="product-item-title" itemprop="name">XXL Curry Box - Geschenkbox mit 8 Gewürzmischungen + mit Info/Rezept Flyer</h2></a><div class="product-item-info-box"><div class="product-item-price no-stock-level"><div itemscope="" itemprop="offers" itemtype="http://schema.org/Offer"><meta itemprop="url" content="/p/xxl-curry-box-geschenkbox-mit-8-gewuerzmischungen-mit-info-rezept-flyer"><meta itemprop="price" content="20"><meta itemprop="priceCurrency" content="EUR"><link itemprop="itemCondition" href="http://schema.org/NewCondition"></div><span class="product-item-price-reference">(1 kg = 50,00 €)</span><h3 class="product-item-price-new">20,00 €</h3></div></div></div></div><div class="swiper-slide product-item-list-swiper-slide" style="width: 220px; margin-right: 30px;"><div class="product-item" itemscope="" itemtype="http://schema.org/Product"><meta itemprop="sku" content="20242784[10]"><meta itemprop="gtin13" content="4262446331872"><meta itemprop="image" content="/storage/images/image?remote=https%3A%2F%2Fmadavanilla.de%2FWebRoot%2FStore7%2FShops%2F6390bf67-3db7-4989-81d2-fd1d1df38751%2F65AE%2F73ED%2F4314%2F36FB%2F674E%2F0A48%2F353D%2FF620%2FJapan1.JPG&amp;shop=6390bf67-3db7-4989-81d2-fd1d1df38751&amp;width=600&amp;height=2560"><a itemprop="url" class="product-item-link" href="/p/japan-box-geschenkbox-mit-4-gewuerzmischungen-mit-info-rezept-flyer"><div class="product-item-image-container"><img class="lazyload product-item-image" data-src="/storage/images/image?remote=https%3A%2F%2Fmadavanilla.de%2FWebRoot%2FStore7%2FShops%2F6390bf67-3db7-4989-81d2-fd1d1df38751%2F65AE%2F73ED%2F4314%2F36FB%2F674E%2F0A48%2F353D%2FF620%2FJapan1.JPG&amp;shop=6390bf67-3db7-4989-81d2-fd1d1df38751&amp;width={width}&amp;height=2560" data-sizes="auto" alt="Japan Box - Geschenkbox mit 4 Gewürzmischungen + mit Info/Rezept Flyer" decoding="async" width="864" height="1080"><noscript></noscript></div><h2 class="product-item-title" itemprop="name">Japan Box - Geschenkbox mit 4 Gewürzmischungen + mit Info/Rezept Flyer</h2></a><div class="product-item-info-box"><div class="product-item-price no-stock-level"><div itemscope="" itemprop="offers" itemtype="http://schema.org/Offer"><meta itemprop="url" content="/p/japan-box-geschenkbox-mit-4-gewuerzmischungen-mit-info-rezept-flyer"><meta itemprop="price" content="11.5"><meta itemprop="priceCurrency" content="EUR"><link itemprop="itemCondition" href="http://schema.org/NewCondition"></div><span class="product-item-price-reference">(1 kg = 57,50 €)</span><h3 class="product-item-price-new">11,50 €</h3></div></div></div></div><div class="swiper-slide product-item-list-swiper-slide" style="width: 220px; margin-right: 30px;"><div class="product-item" itemscope="" itemtype="http://schema.org/Product"><meta itemprop="sku" content="20242784[8]"><meta itemprop="gtin13" content="4262446331926"><meta itemprop="image" content="/storage/images/image?remote=https%3A%2F%2Fmadavanilla.de%2FWebRoot%2FStore7%2FShops%2F6390bf67-3db7-4989-81d2-fd1d1df38751%2F65AE%2F7041%2F1458%2FEE26%2FCC93%2F0A48%2F352C%2F69BF%2FVeggie1.JPG&amp;shop=6390bf67-3db7-4989-81d2-fd1d1df38751&amp;width=600&amp;height=2560"><a itemprop="url" class="product-item-link" href="/p/veggie-box-geschenkbox-mit-4-gewuerzmischungen-mit-info-rezept-flyer"><div class="product-item-image-container"><img class="lazyload product-item-image" data-src="/storage/images/image?remote=https%3A%2F%2Fmadavanilla.de%2FWebRoot%2FStore7%2FShops%2F6390bf67-3db7-4989-81d2-fd1d1df38751%2F65AE%2F7041%2F1458%2FEE26%2FCC93%2F0A48%2F352C%2F69BF%2FVeggie1.JPG&amp;shop=6390bf67-3db7-4989-81d2-fd1d1df38751&amp;width={width}&amp;height=2560" data-sizes="auto" alt="Veggie Box - Geschenkbox mit 4 Gewürzmischungen + mit Info/Rezept Flyer" decoding="async" width="864" height="1080"><noscript></noscript></div><h2 class="product-item-title" itemprop="name">Veggie Box - Geschenkbox mit 4 Gewürzmischungen + mit Info/Rezept Flyer</h2></a><div class="product-item-info-box"><div class="product-item-price no-stock-level"><div itemscope="" itemprop="offers" itemtype="http://schema.org/Offer"><meta itemprop="url" content="/p/veggie-box-geschenkbox-mit-4-gewuerzmischungen-mit-info-rezept-flyer"><meta itemprop="price" content="10"><meta itemprop="priceCurrency" content="EUR"><link itemprop="itemCondition" href="http://schema.org/NewCondition"></div><span class="product-item-price-reference">(1 kg = 50,00 €)</span><h3 class="product-item-price-new">10,00 €</h3></div></div></div></div><div class="swiper-slide product-item-list-swiper-slide" style="width: 220px; margin-right: 30px;"><div class="product-item" itemscope="" itemtype="http://schema.org/Product"><meta itemprop="sku" content="20242784[6]"><meta itemprop="gtin13" content="4262446331902"><meta itemprop="image" content="/storage/images/image?remote=https%3A%2F%2Fmadavanilla.de%2FWebRoot%2FStore7%2FShops%2F6390bf67-3db7-4989-81d2-fd1d1df38751%2F65AE%2F6E67%2FBD08%2F22C0%2FA43D%2F0A48%2F352C%2F292B%2FOrient1.JPG&amp;shop=6390bf67-3db7-4989-81d2-fd1d1df38751&amp;width=600&amp;height=2560"><a itemprop="url" class="product-item-link" href="/p/oriental-box-geschenkbox-mit-4-gewuerzmischungen-mit-info-rezept-flyer"><div class="product-item-image-container"><img class="lazyload product-item-image" data-src="/storage/images/image?remote=https%3A%2F%2Fmadavanilla.de%2FWebRoot%2FStore7%2FShops%2F6390bf67-3db7-4989-81d2-fd1d1df38751%2F65AE%2F6E67%2FBD08%2F22C0%2FA43D%2F0A48%2F352C%2F292B%2FOrient1.JPG&amp;shop=6390bf67-3db7-4989-81d2-fd1d1df38751&amp;width={width}&amp;height=2560" data-sizes="auto" alt="Oriental Box - Geschenkbox mit 4 Gewürzmischungen + mit Info/Rezept Flyer" decoding="async" width="864" height="1080"><noscript></noscript></div><h2 class="product-item-title" itemprop="name">Oriental Box - Geschenkbox mit 4 Gewürzmischungen + mit Info/Rezept Flyer</h2></a><div class="product-item-info-box"><div class="product-item-price no-stock-level"><div itemscope="" itemprop="offers" itemtype="http://schema.org/Offer"><meta itemprop="url" content="/p/oriental-box-geschenkbox-mit-4-gewuerzmischungen-mit-info-rezept-flyer"><meta itemprop="price" content="10"><meta itemprop="priceCurrency" content="EUR"><link itemprop="itemCondition" href="http://schema.org/NewCondition"></div><span class="product-item-price-reference">(1 kg = 50,00 €)</span><h3 class="product-item-price-new">10,00 €</h3></div></div></div></div><div class="swiper-slide product-item-list-swiper-slide" style="width: 220px; margin-right: 30px;"><div class="product-item" itemscope="" itemtype="http://schema.org/Product"><meta itemprop="sku" content="20242784[3]"><meta itemprop="gtin13" content="4262446331865"><meta itemprop="image" content="/storage/images/image?remote=https%3A%2F%2Fmadavanilla.de%2FWebRoot%2FStore7%2FShops%2F6390bf67-3db7-4989-81d2-fd1d1df38751%2F65AE%2F6B86%2FD0AF%2FEB66%2FE84E%2F0A48%2F352C%2FAF6B%2FDipp1.JPG&amp;shop=6390bf67-3db7-4989-81d2-fd1d1df38751&amp;width=600&amp;height=2560"><a itemprop="url" class="product-item-link" href="/p/xxl-dip-box-geschenkbox-mit-8-gewuerzmischungen-mit-info-rezept-flyer"><div class="product-item-image-container"><img class="lazyload product-item-image" data-src="/storage/images/image?remote=https%3A%2F%2Fmadavanilla.de%2FWebRoot%2FStore7%2FShops%2F6390bf67-3db7-4989-81d2-fd1d1df38751%2F65AE%2F6B86%2FD0AF%2FEB66%2FE84E%2F0A48%2F352C%2FAF6B%2FDipp1.JPG&amp;shop=6390bf67-3db7-4989-81d2-fd1d1df38751&amp;width={width}&amp;height=2560" data-sizes="auto" alt="XXL Dip Box - Geschenkbox mit 8 Gewürzmischungen + mit Info/Rezept Flyer" decoding="async" width="864" height="1080"><noscript></noscript></div><h2 class="product-item-title" itemprop="name">XXL Dip Box - Geschenkbox mit 8 Gewürzmischungen + mit Info/Rezept Flyer</h2></a><div class="product-item-info-box"><div class="product-item-price no-stock-level"><div itemscope="" itemprop="offers" itemtype="http://schema.org/Offer"><meta itemprop="url" content="/p/xxl-dip-box-geschenkbox-mit-8-gewuerzmischungen-mit-info-rezept-flyer"><meta itemprop="price" content="20"><meta itemprop="priceCurrency" content="EUR"><link itemprop="itemCondition" href="http://schema.org/NewCondition"></div><span class="product-item-price-reference">(1 kg = 50,00 €)</span><h3 class="product-item-price-new">20,00 €</h3></div></div></div></div><div class="swiper-slide product-item-list-swiper-slide product-item-list-items empty-product" style="width: 220px; margin-right: 30px;"></div><div class="swiper-slide product-item-list-swiper-slide product-item-list-items empty-product" style="width: 220px; margin-right: 30px;"></div><div class="swiper-slide product-item-list-swiper-slide product-item-list-items empty-product" style="width: 220px; margin-right: 30px;"></div></div><span class="swiper-notification" aria-live="assertive" aria-atomic="true"></span></div><div class="swiper-arrows grid-col-s"><div class="swiper-arrow-right" tabindex="0" role="button" aria-label="Next slide" aria-controls="swiper-wrapper-51017018e7553b565" aria-disabled="false"></div><div class="swiper-arrow-left swiper-button-disabled" tabindex="-1" role="button" aria-label="Previous slide" aria-controls="swiper-wrapper-51017018e7553b565" aria-disabled="true"></div></div></div></div></div></div></div></div></div></div><div id="block-90ec70b5-c0b1-40e8-8a3c-472ed3270173" data-testid="block-90ec70b5-c0b1-40e8-8a3c-472ed3270173" class="dali-block" data-block-type="epages.productslider" style="background-color:transparent;background-origin:border-box"><div class="dali-grid-row"><div class="dali-grid-column"><div class="dali-grid-element"><div class="dali-grid-element-wrapper"><div class="dali-plugin-text"><div class="dali-plugin-text-content"><h2>Winter Tee Sorten</h2></div></div></div></div><div><div class="dali-grid-element"><div class="dali-grid-element-wrapper"><div class="product-slider"><div style="--slide-width: 220px;"><div class="swiper-container swiper-container-initialized swiper-container-horizontal swiper-container-pointer-events" style="cursor: grab;"><div class="swiper-wrapper product-item-list grid-col-s" id="swiper-wrapper-161aa1d69a1d14e2" aria-live="polite" style="transform: translate3d(0px, 0px, 0px);"><div class="swiper-slide product-item-list-swiper-slide swiper-slide-active" style="width: 220px; margin-right: 30px;"><div class="product-item" itemscope="" itemtype="http://schema.org/Product"><meta itemprop="sku" content="1933"><meta itemprop="gtin13" content="4260448019675"><meta itemprop="image" content="/storage/images/image?remote=https%3A%2F%2Fmadavanilla.de%2FWebRoot%2FStore7%2FShops%2F6390bf67-3db7-4989-81d2-fd1d1df38751%2F5435%2F1E06%2F345E%2FD9DA%2FF535%2F0A48%2F3525%2F6416%2F080119729665.png&amp;shop=6390bf67-3db7-4989-81d2-fd1d1df38751&amp;width=600&amp;height=2560"><a itemprop="url" class="product-item-link" href="/p/100g-fruechtetee-bratapfel"><div class="product-item-image-container"><img class="lazyload product-item-image" data-src="/storage/images/image?remote=https%3A%2F%2Fmadavanilla.de%2FWebRoot%2FStore7%2FShops%2F6390bf67-3db7-4989-81d2-fd1d1df38751%2F5435%2F1E06%2F345E%2FD9DA%2FF535%2F0A48%2F3525%2F6416%2F080119729665.png&amp;shop=6390bf67-3db7-4989-81d2-fd1d1df38751&amp;width={width}&amp;height=2560" data-sizes="auto" alt="100g Früchtetee Bratapfel" decoding="async" width="500" height="500"><noscript></noscript></div><h2 class="product-item-title" itemprop="name">100g Früchtetee Bratapfel</h2></a><div class="product-item-info-box"><div class="product-item-price no-stock-level"><div itemscope="" itemprop="offers" itemtype="http://schema.org/Offer"><meta itemprop="url" content="/p/100g-fruechtetee-bratapfel"><meta itemprop="price" content="4.99"><meta itemprop="priceCurrency" content="EUR"><link itemprop="itemCondition" href="http://schema.org/NewCondition"></div><span class="product-item-price-reference">(1 kg = 49,90 €)</span><h3 class="product-item-price-new">4,99 €</h3></div></div></div></div><div class="swiper-slide product-item-list-swiper-slide swiper-slide-next" style="width: 220px; margin-right: 30px;"><div class="product-item" itemscope="" itemtype="http://schema.org/Product"><meta itemprop="sku" content="2016460"><meta itemprop="gtin13" content="4260355397736"><meta itemprop="image" content="/storage/images/image?remote=https%3A%2F%2Fmadavanilla.de%2FWebRoot%2FStore7%2FShops%2F6390bf67-3db7-4989-81d2-fd1d1df38751%2F57EE%2F7EA8%2F0B1A%2F4160%2F5315%2F0A48%2F3521%2F3D97%2FSchneewehe.JPG&amp;shop=6390bf67-3db7-4989-81d2-fd1d1df38751&amp;width=600&amp;height=2560"><a itemprop="url" class="product-item-link" href="/p/100g-bio-schwarzer-tee-schneewehe-winterlicher-orange-sahne-geschmack"><div class="product-item-image-container"><img class="lazyload product-item-image" data-src="/storage/images/image?remote=https%3A%2F%2Fmadavanilla.de%2FWebRoot%2FStore7%2FShops%2F6390bf67-3db7-4989-81d2-fd1d1df38751%2F57EE%2F7EA8%2F0B1A%2F4160%2F5315%2F0A48%2F3521%2F3D97%2FSchneewehe.JPG&amp;shop=6390bf67-3db7-4989-81d2-fd1d1df38751&amp;width={width}&amp;height=2560" data-sizes="auto" alt="100g Bio Schwarzer Tee SCHNEEWEHE - winterlicher Orange/Sahne Geschmack" decoding="async" width="1080" height="1080"><noscript></noscript></div><h2 class="product-item-title" itemprop="name">100g Bio Schwarzer Tee SCHNEEWEHE - winterlicher Orange/Sahne Geschmack</h2></a><div class="product-item-info-box"><div class="product-item-price no-stock-level"><div itemscope="" itemprop="offers" itemtype="http://schema.org/Offer"><meta itemprop="url" content="/p/100g-bio-schwarzer-tee-schneewehe-winterlicher-orange-sahne-geschmack"><meta itemprop="price" content="4.99"><meta itemprop="priceCurrency" content="EUR"><link itemprop="itemCondition" href="http://schema.org/NewCondition"></div><span class="product-item-price-reference">(1 kg = 49,90 €)</span><h3 class="product-item-price-new">4,99 €</h3></div></div></div></div><div class="swiper-slide product-item-list-swiper-slide" style="width: 220px; margin-right: 30px;"><div class="product-item" itemscope="" itemtype="http://schema.org/Product"><meta itemprop="sku" content="2016480"><meta itemprop="gtin13" content="4260355397866"><meta itemprop="image" content="/storage/images/image?remote=https%3A%2F%2Fmadavanilla.de%2FWebRoot%2FStore7%2FShops%2F6390bf67-3db7-4989-81d2-fd1d1df38751%2F5808%2F9754%2F01D3%2F3083%2FBE5D%2F0A48%2F3521%2FE29C%2FWaermflasche.JPG&amp;shop=6390bf67-3db7-4989-81d2-fd1d1df38751&amp;width=600&amp;height=2560"><a itemprop="url" class="product-item-link" href="/p/100g-kraeutertee-waermflasche-natuerlich-aromatisiert-mit-fruchtig-winterlichem-geschmack"><div class="product-item-image-container"><img class="lazyload product-item-image" data-src="/storage/images/image?remote=https%3A%2F%2Fmadavanilla.de%2FWebRoot%2FStore7%2FShops%2F6390bf67-3db7-4989-81d2-fd1d1df38751%2F5808%2F9754%2F01D3%2F3083%2FBE5D%2F0A48%2F3521%2FE29C%2FWaermflasche.JPG&amp;shop=6390bf67-3db7-4989-81d2-fd1d1df38751&amp;width={width}&amp;height=2560" data-sizes="auto" alt="100g Kräutertee Wärmflasche - natürlich aromatisiert mit fruchtig winterlichem Geschmack" decoding="async" width="1080" height="1080"><noscript></noscript></div><h2 class="product-item-title" itemprop="name">100g Kräutertee Wärmflasche - natürlich aromatisiert mit fruchtig winterlichem Geschmack</h2></a><div class="product-item-info-box"><div class="product-item-price no-stock-level"><div itemscope="" itemprop="offers" itemtype="http://schema.org/Offer"><meta itemprop="url" content="/p/100g-kraeutertee-waermflasche-natuerlich-aromatisiert-mit-fruchtig-winterlichem-geschmack"><meta itemprop="price" content="3.99"><meta itemprop="priceCurrency" content="EUR"><link itemprop="itemCondition" href="http://schema.org/NewCondition"></div><span class="product-item-price-reference">(1 kg = 39,90 €)</span><h3 class="product-item-price-new">3,99 €</h3></div></div></div></div><div class="swiper-slide product-item-list-swiper-slide" style="width: 220px; margin-right: 30px;"><div class="product-item" itemscope="" itemtype="http://schema.org/Product"><meta itemprop="sku" content="20212174"><meta itemprop="gtin13" content="4260588744840"><meta itemprop="image" content="/storage/images/image?remote=https%3A%2F%2Fmadavanilla.de%2FWebRoot%2FStore7%2FShops%2F6390bf67-3db7-4989-81d2-fd1d1df38751%2F600F%2FF51F%2F8B2B%2F92DE%2FF72E%2F0A48%2F35D6%2FA735%2Fbescherung2021.JPG&amp;shop=6390bf67-3db7-4989-81d2-fd1d1df38751&amp;width=600&amp;height=2560"><a itemprop="url" class="product-item-link" href="/p/100g-fruechtetee-schoene-bescherung-neu-weihnachtsbaeckerei-saeurearm"><div class="product-item-image-container"><img class="lazyload product-item-image" data-src="/storage/images/image?remote=https%3A%2F%2Fmadavanilla.de%2FWebRoot%2FStore7%2FShops%2F6390bf67-3db7-4989-81d2-fd1d1df38751%2F600F%2FF51F%2F8B2B%2F92DE%2FF72E%2F0A48%2F35D6%2FA735%2Fbescherung2021.JPG&amp;shop=6390bf67-3db7-4989-81d2-fd1d1df38751&amp;width={width}&amp;height=2560" data-sizes="auto" alt="100g Früchtetee SCHÖNE Bescherung (neu!) - Weihnachtsbäckerei - säurearm" decoding="async" width="864" height="1080"><noscript></noscript></div><h2 class="product-item-title" itemprop="name">100g Früchtetee SCHÖNE Bescherung (neu!) - Weihnachtsbäckerei - säurearm</h2></a><div class="product-item-info-box"><div class="product-item-price no-stock-level"><div itemscope="" itemprop="offers" itemtype="http://schema.org/Offer"><meta itemprop="url" content="/p/100g-fruechtetee-schoene-bescherung-neu-weihnachtsbaeckerei-saeurearm"><meta itemprop="price" content="3.99"><meta itemprop="priceCurrency" content="EUR"><link itemprop="itemCondition" href="http://schema.org/NewCondition"></div><span class="product-item-price-reference">(1 kg = 39,90 €)</span><h3 class="product-item-price-new">3,99 €</h3></div></div></div></div><div class="swiper-slide product-item-list-swiper-slide" style="width: 220px; margin-right: 30px;"><div class="product-item" itemscope="" itemtype="http://schema.org/Product"><meta itemprop="sku" content="1101"><meta itemprop="image" content="/storage/images/image?remote=https%3A%2F%2Fmadavanilla.de%2FWebRoot%2FStore7%2FShops%2F6390bf67-3db7-4989-81d2-fd1d1df38751%2F5435%2F0CDB%2F8DC6%2FCDD5%2F7E38%2F0A48%2F3525%2F6448%2FGruener-Wintergrog.JPG&amp;shop=6390bf67-3db7-4989-81d2-fd1d1df38751&amp;width=600&amp;height=2560"><a itemprop="url" class="product-item-link" href="/p/100g-gruener-tee-wintergrog-mit-bourbon-vanille-2"><div class="product-item-image-container"><img class="lazyload product-item-image" data-src="/storage/images/image?remote=https%3A%2F%2Fmadavanilla.de%2FWebRoot%2FStore7%2FShops%2F6390bf67-3db7-4989-81d2-fd1d1df38751%2F5435%2F0CDB%2F8DC6%2FCDD5%2F7E38%2F0A48%2F3525%2F6448%2FGruener-Wintergrog.JPG&amp;shop=6390bf67-3db7-4989-81d2-fd1d1df38751&amp;width={width}&amp;height=2560" data-sizes="auto" alt="100g Grüner Tee Wintergrog, mit Bourbon Vanille" decoding="async" width="1080" height="1080"><noscript></noscript></div><h2 class="product-item-title" itemprop="name">100g Grüner Tee Wintergrog, mit Bourbon Vanille</h2></a><div class="product-item-info-box"><div class="product-item-price no-stock-level"><div itemscope="" itemprop="offers" itemtype="http://schema.org/Offer"><meta itemprop="url" content="/p/100g-gruener-tee-wintergrog-mit-bourbon-vanille-2"><meta itemprop="price" content="3.99"><meta itemprop="priceCurrency" content="EUR"><link itemprop="itemCondition" href="http://schema.org/NewCondition"><div><div><div itemprop="priceSpecification" itemscope="" itemtype="http://schema.org/UnitPriceSpecification"><meta itemprop="price" content="3.04"><meta itemprop="priceCurrency" content="EUR"><div itemprop="eligibleQuantity" itemscope="" itemtype="http://schema.org/QuantitativeValue"><meta itemprop="minValue" content="5"><meta itemprop="maxValue" content="5"></div></div></div></div></div><span class="product-item-price-reference">(1 kg = 39,90 €)</span><h3 class="product-item-price-new">3,99 €</h3></div></div></div></div><div class="swiper-slide product-item-list-swiper-slide" style="width: 220px; margin-right: 30px;"><div class="product-item" itemscope="" itemtype="http://schema.org/Product"><meta itemprop="sku" content="1105"><meta itemprop="image" content="/storage/images/image?remote=https%3A%2F%2Fmadavanilla.de%2FWebRoot%2FStore7%2FShops%2F6390bf67-3db7-4989-81d2-fd1d1df38751%2F5435%2F0CDF%2F9D56%2FD03E%2F4BE6%2F0A48%2F3525%2F648A%2F113362868444.png&amp;shop=6390bf67-3db7-4989-81d2-fd1d1df38751&amp;width=600&amp;height=2560"><a itemprop="url" class="product-item-link" href="/p/100g-rooibos-himmlische-backstube-2"><div class="product-item-image-container"><img class="lazyload product-item-image" data-src="/storage/images/image?remote=https%3A%2F%2Fmadavanilla.de%2FWebRoot%2FStore7%2FShops%2F6390bf67-3db7-4989-81d2-fd1d1df38751%2F5435%2F0CDF%2F9D56%2FD03E%2F4BE6%2F0A48%2F3525%2F648A%2F113362868444.png&amp;shop=6390bf67-3db7-4989-81d2-fd1d1df38751&amp;width={width}&amp;height=2560" data-sizes="auto" alt="100g Rooibos - Himmlische Backstube" decoding="async" width="500" height="394"><noscript></noscript></div><h2 class="product-item-title" itemprop="name">100g Rooibos - Himmlische Backstube</h2></a><div class="product-item-info-box"><div class="product-item-price no-stock-level"><div itemscope="" itemprop="offers" itemtype="http://schema.org/Offer"><meta itemprop="url" content="/p/100g-rooibos-himmlische-backstube-2"><meta itemprop="price" content="3.99"><meta itemprop="priceCurrency" content="EUR"><link itemprop="itemCondition" href="http://schema.org/NewCondition"><div><div><div itemprop="priceSpecification" itemscope="" itemtype="http://schema.org/UnitPriceSpecification"><meta itemprop="price" content="3.09"><meta itemprop="priceCurrency" content="EUR"><div itemprop="eligibleQuantity" itemscope="" itemtype="http://schema.org/QuantitativeValue"><meta itemprop="minValue" content="5"><meta itemprop="maxValue" content="5"></div></div></div></div></div><span class="product-item-price-reference">(1 kg = 39,90 €)</span><h3 class="product-item-price-new">3,99 €</h3></div></div></div></div><div class="swiper-slide product-item-list-swiper-slide" style="width: 220px; margin-right: 30px;"><div class="product-item" itemscope="" itemtype="http://schema.org/Product"><meta itemprop="sku" content="1117"><meta itemprop="image" content="/storage/images/image?remote=https%3A%2F%2Fmadavanilla.de%2FWebRoot%2FStore7%2FShops%2F6390bf67-3db7-4989-81d2-fd1d1df38751%2F5435%2F0CEA%2F5AE4%2FAB25%2FBA3C%2F0A48%2F3525%2F64AF%2FRumtopf.JPG&amp;shop=6390bf67-3db7-4989-81d2-fd1d1df38751&amp;width=600&amp;height=2560"><a itemprop="url" class="product-item-link" href="/p/100g-fruechtetee-rumtopf-2"><div class="product-item-image-container"><img class="lazyload product-item-image" data-src="/storage/images/image?remote=https%3A%2F%2Fmadavanilla.de%2FWebRoot%2FStore7%2FShops%2F6390bf67-3db7-4989-81d2-fd1d1df38751%2F5435%2F0CEA%2F5AE4%2FAB25%2FBA3C%2F0A48%2F3525%2F64AF%2FRumtopf.JPG&amp;shop=6390bf67-3db7-4989-81d2-fd1d1df38751&amp;width={width}&amp;height=2560" data-sizes="auto" alt="100g Früchtetee Rumtopf" decoding="async" width="1080" height="1080"><noscript></noscript></div><h2 class="product-item-title" itemprop="name">100g Früchtetee Rumtopf</h2></a><div class="product-item-info-box"><div class="product-item-price no-stock-level"><div itemscope="" itemprop="offers" itemtype="http://schema.org/Offer"><meta itemprop="url" content="/p/100g-fruechtetee-rumtopf-2"><meta itemprop="price" content="3.99"><meta itemprop="priceCurrency" content="EUR"><link itemprop="itemCondition" href="http://schema.org/NewCondition"></div><span class="product-item-price-reference">(1 kg = 39,90 €)</span><h3 class="product-item-price-new">3,99 €</h3></div></div></div></div><div class="swiper-slide product-item-list-swiper-slide" style="width: 220px; margin-right: 30px;"><div class="product-item" itemscope="" itemtype="http://schema.org/Product"><meta itemprop="sku" content="1420"><meta itemprop="image" content="/storage/images/image?remote=https%3A%2F%2Fmadavanilla.de%2FWebRoot%2FStore7%2FShops%2F6390bf67-3db7-4989-81d2-fd1d1df38751%2F5435%2F12D8%2F732B%2FEC41%2F31B4%2F0A48%2F3525%2F6470%2F803055091065.png&amp;shop=6390bf67-3db7-4989-81d2-fd1d1df38751&amp;width=600&amp;height=2560"><a itemprop="url" class="product-item-link" href="/p/100g-rooibos-stern-von-betlehem-spekulatius-2"><div class="product-item-image-container"><img class="lazyload product-item-image" data-src="/storage/images/image?remote=https%3A%2F%2Fmadavanilla.de%2FWebRoot%2FStore7%2FShops%2F6390bf67-3db7-4989-81d2-fd1d1df38751%2F5435%2F12D8%2F732B%2FEC41%2F31B4%2F0A48%2F3525%2F6470%2F803055091065.png&amp;shop=6390bf67-3db7-4989-81d2-fd1d1df38751&amp;width={width}&amp;height=2560" data-sizes="auto" alt="100g Rooibos - Stern von Betlehem/Spekulatius" decoding="async" width="500" height="386"><noscript></noscript></div><h2 class="product-item-title" itemprop="name">100g Rooibos - Stern von Betlehem/Spekulatius</h2></a><div class="product-item-info-box"><div class="product-item-price no-stock-level"><div itemscope="" itemprop="offers" itemtype="http://schema.org/Offer"><meta itemprop="url" content="/p/100g-rooibos-stern-von-betlehem-spekulatius-2"><meta itemprop="price" content="3.99"><meta itemprop="priceCurrency" content="EUR"><link itemprop="itemCondition" href="http://schema.org/NewCondition"></div><span class="product-item-price-reference">(1 kg = 39,90 €)</span><h3 class="product-item-price-new">3,99 €</h3></div></div></div></div><div class="swiper-slide product-item-list-swiper-slide" style="width: 220px; margin-right: 30px;"><div class="product-item" itemscope="" itemtype="http://schema.org/Product"><meta itemprop="sku" content="20201945"><meta itemprop="gtin13" content="4260588744338"><meta itemprop="image" content="/storage/images/image?remote=https%3A%2F%2Fmadavanilla.de%2FWebRoot%2FStore7%2FShops%2F6390bf67-3db7-4989-81d2-fd1d1df38751%2F5F5F%2F125E%2F52C5%2FFE7A%2FCAB3%2F0A48%2F3521%2FC1DB%2FWinterholler.jpg&amp;shop=6390bf67-3db7-4989-81d2-fd1d1df38751&amp;width=600&amp;height=2560"><a itemprop="url" class="product-item-link" href="/p/100g-bio-fruechtetee-winter-holler-de-oeko-005"><div class="product-item-image-container"><img class="lazyload product-item-image" data-src="/storage/images/image?remote=https%3A%2F%2Fmadavanilla.de%2FWebRoot%2FStore7%2FShops%2F6390bf67-3db7-4989-81d2-fd1d1df38751%2F5F5F%2F125E%2F52C5%2FFE7A%2FCAB3%2F0A48%2F3521%2FC1DB%2FWinterholler.jpg&amp;shop=6390bf67-3db7-4989-81d2-fd1d1df38751&amp;width={width}&amp;height=2560" data-sizes="auto" alt="100g Bio Früchtetee Winter Holler - DE-ÖKO-005" decoding="async" width="864" height="1080"><noscript></noscript></div><h2 class="product-item-title" itemprop="name">100g Bio Früchtetee Winter Holler - DE-ÖKO-005</h2></a><div class="product-item-info-box"><div class="product-item-price no-stock-level"><div itemscope="" itemprop="offers" itemtype="http://schema.org/Offer"><meta itemprop="url" content="/p/100g-bio-fruechtetee-winter-holler-de-oeko-005"><meta itemprop="price" content="4.99"><meta itemprop="priceCurrency" content="EUR"><link itemprop="itemCondition" href="http://schema.org/NewCondition"></div><span class="product-item-price-reference">(1 kg = 49,90 €)</span><h3 class="product-item-price-new">4,99 €</h3></div></div></div></div><div class="swiper-slide product-item-list-swiper-slide" style="width: 220px; margin-right: 30px;"><div class="product-item" itemscope="" itemtype="http://schema.org/Product"><meta itemprop="sku" content="1932"><meta itemprop="image" content="/storage/images/image?remote=https%3A%2F%2Fmadavanilla.de%2FWebRoot%2FStore7%2FShops%2F6390bf67-3db7-4989-81d2-fd1d1df38751%2F5435%2F1E05%2F827E%2F26DB%2FD03D%2F0A48%2F3525%2F64EA%2F772012918044.png&amp;shop=6390bf67-3db7-4989-81d2-fd1d1df38751&amp;width=600&amp;height=2560"><a itemprop="url" class="product-item-link" href="/p/100g-schwarzer-tee-winterliche-walnuss"><div class="product-item-image-container"><img class="lazyload product-item-image" data-src="/storage/images/image?remote=https%3A%2F%2Fmadavanilla.de%2FWebRoot%2FStore7%2FShops%2F6390bf67-3db7-4989-81d2-fd1d1df38751%2F5435%2F1E05%2F827E%2F26DB%2FD03D%2F0A48%2F3525%2F64EA%2F772012918044.png&amp;shop=6390bf67-3db7-4989-81d2-fd1d1df38751&amp;width={width}&amp;height=2560" data-sizes="auto" alt="100g Schwarzer Tee - Winterliche Walnuss" decoding="async" width="500" height="500"><noscript></noscript></div><h2 class="product-item-title" itemprop="name">100g Schwarzer Tee - Winterliche Walnuss</h2></a><div class="product-item-info-box"><div class="product-item-price no-stock-level"><div itemscope="" itemprop="offers" itemtype="http://schema.org/Offer"><meta itemprop="url" content="/p/100g-schwarzer-tee-winterliche-walnuss"><meta itemprop="price" content="4.99"><meta itemprop="priceCurrency" content="EUR"><link itemprop="itemCondition" href="http://schema.org/NewCondition"></div><span class="product-item-price-reference">(1 kg = 49,90 €)</span><h3 class="product-item-price-new">4,99 €</h3></div></div></div></div><div class="swiper-slide product-item-list-swiper-slide" style="width: 220px; margin-right: 30px;"><div class="product-item" itemscope="" itemtype="http://schema.org/Product"><meta itemprop="sku" content="2016458"><meta itemprop="gtin13" content="4260355397712"><meta itemprop="image" content="/storage/images/image?remote=https%3A%2F%2Fmadavanilla.de%2FWebRoot%2FStore7%2FShops%2F6390bf67-3db7-4989-81d2-fd1d1df38751%2F57EE%2F7CCC%2FB12E%2F317D%2FC179%2F0A48%2F3521%2F91FF%2FSchneeball.JPG&amp;shop=6390bf67-3db7-4989-81d2-fd1d1df38751&amp;width=600&amp;height=2560"><a itemprop="url" class="product-item-link" href="/p/100g-bio-fruechtetee-lustige-schneeballschlacht-wuerzig-fruchtiger-wintergeschmack"><div class="product-item-image-container"><img class="lazyload product-item-image" data-src="/storage/images/image?remote=https%3A%2F%2Fmadavanilla.de%2FWebRoot%2FStore7%2FShops%2F6390bf67-3db7-4989-81d2-fd1d1df38751%2F57EE%2F7CCC%2FB12E%2F317D%2FC179%2F0A48%2F3521%2F91FF%2FSchneeball.JPG&amp;shop=6390bf67-3db7-4989-81d2-fd1d1df38751&amp;width={width}&amp;height=2560" data-sizes="auto" alt="100g Bio Früchtetee Lustige Schneeballschlacht - würzig fruchtiger Wintergeschmack" decoding="async" width="1080" height="1080"><noscript></noscript></div><h2 class="product-item-title" itemprop="name">100g Bio Früchtetee Lustige Schneeballschlacht - würzig fruchtiger Wintergeschmack</h2></a><div class="product-item-info-box"><div class="product-item-price no-stock-level"><div itemscope="" itemprop="offers" itemtype="http://schema.org/Offer"><meta itemprop="url" content="/p/100g-bio-fruechtetee-lustige-schneeballschlacht-wuerzig-fruchtiger-wintergeschmack"><meta itemprop="price" content="4.99"><meta itemprop="priceCurrency" content="EUR"><link itemprop="itemCondition" href="http://schema.org/NewCondition"></div><span class="product-item-price-reference">(1 kg = 49,90 €)</span><h3 class="product-item-price-new">4,99 €</h3></div></div></div></div><div class="swiper-slide product-item-list-swiper-slide product-item-list-items empty-product" style="width: 220px; margin-right: 30px;"></div><div class="swiper-slide product-item-list-swiper-slide product-item-list-items empty-product" style="width: 220px; margin-right: 30px;"></div><div class="swiper-slide product-item-list-swiper-slide product-item-list-items empty-product" style="width: 220px; margin-right: 30px;"></div><div class="swiper-slide product-item-list-swiper-slide product-item-list-items empty-product" style="width: 220px; margin-right: 30px;"></div></div><span class="swiper-notification" aria-live="assertive" aria-atomic="true"></span></div><div class="swiper-arrows grid-col-s"><div class="swiper-arrow-right" tabindex="0" role="button" aria-label="Next slide" aria-controls="swiper-wrapper-161aa1d69a1d14e2" aria-disabled="false"></div><div class="swiper-arrow-left swiper-button-disabled" tabindex="-1" role="button" aria-label="Previous slide" aria-controls="swiper-wrapper-161aa1d69a1d14e2" aria-disabled="true"></div></div></div></div></div></div></div></div></div></div><div id="block-c994d856-2d97-435f-abbc-aa6b44465312" data-testid="block-c994d856-2d97-435f-abbc-aa6b44465312" class="dali-block" data-block-type="epages.productslider" style="background-color:transparent;background-origin:border-box"><div class="dali-grid-row"><div class="dali-grid-column"><div class="dali-grid-element"><div class="dali-grid-element-wrapper"><div class="dali-plugin-text"><div class="dali-plugin-text-content"><h2>FRUCHTPULVER - natürlich, praktisch, lecker und universell einsetzbar</h2></div></div></div></div><div><div class="dali-grid-element"><div class="dali-grid-element-wrapper"><div class="product-slider"><div style="--slide-width: 220px;"><div class="swiper-container swiper-container-initialized swiper-container-horizontal swiper-container-pointer-events" style="cursor: grab;"><div class="swiper-wrapper product-item-list grid-col-s" id="swiper-wrapper-1777bdc261f6d03a" aria-live="polite" style="transform: translate3d(0px, 0px, 0px);"><div class="swiper-slide product-item-list-swiper-slide swiper-slide-active" style="width: 220px; margin-right: 30px;"><div class="product-item" itemscope="" itemtype="http://schema.org/Product"><meta itemprop="sku" content="1232"><meta itemprop="image" content="/storage/images/image?remote=https%3A%2F%2Fmadavanilla.de%2FWebRoot%2FStore7%2FShops%2F6390bf67-3db7-4989-81d2-fd1d1df38751%2F5435%2F0E36%2FFB90%2FAD39%2F51C6%2F0A48%2F3525%2F644C%2FErdbeer-Pulver.JPG&amp;shop=6390bf67-3db7-4989-81d2-fd1d1df38751&amp;width=600&amp;height=2560"><a itemprop="url" class="product-item-link" href="/p/50g-erdbeer-fruchtpulver-aus-echten-fruechten-hergestellt"><div class="product-item-image-container"><img class="lazyload product-item-image" data-src="/storage/images/image?remote=https%3A%2F%2Fmadavanilla.de%2FWebRoot%2FStore7%2FShops%2F6390bf67-3db7-4989-81d2-fd1d1df38751%2F5435%2F0E36%2FFB90%2FAD39%2F51C6%2F0A48%2F3525%2F644C%2FErdbeer-Pulver.JPG&amp;shop=6390bf67-3db7-4989-81d2-fd1d1df38751&amp;width={width}&amp;height=2560" data-sizes="auto" alt="50g Erdbeer Fruchtpulver - aus echten Früchten hergestellt!" decoding="async" width="1080" height="1080"><noscript></noscript></div><h2 class="product-item-title" itemprop="name">50g Erdbeer Fruchtpulver - aus echten Früchten hergestellt!</h2></a><div class="product-item-info-box"><div class="product-item-price no-stock-level"><div itemscope="" itemprop="offers" itemtype="http://schema.org/Offer"><meta itemprop="url" content="/p/50g-erdbeer-fruchtpulver-aus-echten-fruechten-hergestellt"><meta itemprop="price" content="3.99"><meta itemprop="priceCurrency" content="EUR"><link itemprop="itemCondition" href="http://schema.org/NewCondition"></div><span class="product-item-price-reference">(1 kg = 79,80 €)</span><h3 class="product-item-price-new">3,99 €</h3></div></div></div></div><div class="swiper-slide product-item-list-swiper-slide swiper-slide-next" style="width: 220px; margin-right: 30px;"><div class="product-item" itemscope="" itemtype="http://schema.org/Product"><meta itemprop="sku" content="1233"><meta itemprop="image" content="/storage/images/image?remote=https%3A%2F%2Fmadavanilla.de%2FWebRoot%2FStore7%2FShops%2F6390bf67-3db7-4989-81d2-fd1d1df38751%2F5435%2F0E37%2FD5CB%2F9E99%2F68AA%2F0A48%2F3525%2F64D7%2FHimbeer-Pulver.JPG&amp;shop=6390bf67-3db7-4989-81d2-fd1d1df38751&amp;width=600&amp;height=2560"><a itemprop="url" class="product-item-link" href="/p/50g-himbeer-fruchtpulver-aus-echten-fruechten-hergestellt"><div class="product-item-image-container"><img class="lazyload product-item-image" data-src="/storage/images/image?remote=https%3A%2F%2Fmadavanilla.de%2FWebRoot%2FStore7%2FShops%2F6390bf67-3db7-4989-81d2-fd1d1df38751%2F5435%2F0E37%2FD5CB%2F9E99%2F68AA%2F0A48%2F3525%2F64D7%2FHimbeer-Pulver.JPG&amp;shop=6390bf67-3db7-4989-81d2-fd1d1df38751&amp;width={width}&amp;height=2560" data-sizes="auto" alt="50g Himbeer Fruchtpulver - aus echten Früchten hergestellt!" decoding="async" width="1080" height="1080"><noscript></noscript></div><h2 class="product-item-title" itemprop="name">50g Himbeer Fruchtpulver - aus echten Früchten hergestellt!</h2></a><div class="product-item-info-box"><div class="product-item-price no-stock-level"><div itemscope="" itemprop="offers" itemtype="http://schema.org/Offer"><meta itemprop="url" content="/p/50g-himbeer-fruchtpulver-aus-echten-fruechten-hergestellt"><meta itemprop="price" content="4.99"><meta itemprop="priceCurrency" content="EUR"><link itemprop="itemCondition" href="http://schema.org/NewCondition"></div><span class="product-item-price-reference">(1 kg = 99,80 €)</span><h3 class="product-item-price-new">4,99 €</h3></div></div></div></div><div class="swiper-slide product-item-list-swiper-slide" style="width: 220px; margin-right: 30px;"><div class="product-item" itemscope="" itemtype="http://schema.org/Product"><meta itemprop="sku" content="1382"><meta itemprop="image" content="/storage/images/image?remote=https%3A%2F%2Fmadavanilla.de%2FWebRoot%2FStore7%2FShops%2F6390bf67-3db7-4989-81d2-fd1d1df38751%2F5435%2F1232%2F0521%2F4D28%2F5513%2F0A48%2F3525%2F64F2%2F871743112107.jpg&amp;shop=6390bf67-3db7-4989-81d2-fd1d1df38751&amp;width=600&amp;height=2560"><a itemprop="url" class="product-item-link" href="/p/50g-suesskirsch-fruchtpulver-aus-echten-fruechten-hergestellt"><div class="product-item-image-container"><img class="lazyload product-item-image" data-src="/storage/images/image?remote=https%3A%2F%2Fmadavanilla.de%2FWebRoot%2FStore7%2FShops%2F6390bf67-3db7-4989-81d2-fd1d1df38751%2F5435%2F1232%2F0521%2F4D28%2F5513%2F0A48%2F3525%2F64F2%2F871743112107.jpg&amp;shop=6390bf67-3db7-4989-81d2-fd1d1df38751&amp;width={width}&amp;height=2560" data-sizes="auto" alt="50g Süsskirsch Fruchtpulver - aus echten Früchten hergestellt!" decoding="async" width="1080" height="1080"><noscript></noscript></div><h2 class="product-item-title" itemprop="name">50g Süsskirsch Fruchtpulver - aus echten Früchten hergestellt!</h2></a><div class="product-item-info-box"><div class="product-item-price no-stock-level"><div itemscope="" itemprop="offers" itemtype="http://schema.org/Offer"><meta itemprop="url" content="/p/50g-suesskirsch-fruchtpulver-aus-echten-fruechten-hergestellt"><meta itemprop="price" content="4.99"><meta itemprop="priceCurrency" content="EUR"><link itemprop="itemCondition" href="http://schema.org/NewCondition"></div><span class="product-item-price-reference">(1 kg = 99,80 €)</span><h3 class="product-item-price-new">4,99 €</h3></div></div></div></div><div class="swiper-slide product-item-list-swiper-slide" style="width: 220px; margin-right: 30px;"><div class="product-item" itemscope="" itemtype="http://schema.org/Product"><meta itemprop="sku" content="1882"><meta itemprop="image" content="/storage/images/image?remote=https%3A%2F%2Fmadavanilla.de%2FWebRoot%2FStore7%2FShops%2F6390bf67-3db7-4989-81d2-fd1d1df38751%2F5435%2F1D84%2F5836%2FE7A6%2F94FD%2F0A48%2F3525%2F649E%2F544155628236.png&amp;shop=6390bf67-3db7-4989-81d2-fd1d1df38751&amp;width=600&amp;height=2560"><a itemprop="url" class="product-item-link" href="/p/50g-papaya-fruchtpulver-aus-echten-fruechten-hergestellt"><div class="product-item-image-container"><img class="lazyload product-item-image" data-src="/storage/images/image?remote=https%3A%2F%2Fmadavanilla.de%2FWebRoot%2FStore7%2FShops%2F6390bf67-3db7-4989-81d2-fd1d1df38751%2F5435%2F1D84%2F5836%2FE7A6%2F94FD%2F0A48%2F3525%2F649E%2F544155628236.png&amp;shop=6390bf67-3db7-4989-81d2-fd1d1df38751&amp;width={width}&amp;height=2560" data-sizes="auto" alt="50g Papaya Fruchtpulver - aus echten Früchten hergestellt!" decoding="async" width="500" height="500"><noscript></noscript></div><h2 class="product-item-title" itemprop="name">50g Papaya Fruchtpulver - aus echten Früchten hergestellt!</h2></a><div class="product-item-info-box"><div class="product-item-price no-stock-level"><div itemscope="" itemprop="offers" itemtype="http://schema.org/Offer"><meta itemprop="url" content="/p/50g-papaya-fruchtpulver-aus-echten-fruechten-hergestellt"><meta itemprop="price" content="4.99"><meta itemprop="priceCurrency" content="EUR"><link itemprop="itemCondition" href="http://schema.org/NewCondition"></div><span class="product-item-price-reference">(1 kg = 99,80 €)</span><h3 class="product-item-price-new">4,99 €</h3></div></div></div></div><div class="swiper-slide product-item-list-swiper-slide" style="width: 220px; margin-right: 30px;"><div class="product-item" itemscope="" itemtype="http://schema.org/Product"><meta itemprop="sku" content="1610"><meta itemprop="image" content="/storage/images/image?remote=https%3A%2F%2Fmadavanilla.de%2FWebRoot%2FStore7%2FShops%2F6390bf67-3db7-4989-81d2-fd1d1df38751%2F5435%2F1864%2F630A%2F0EC5%2FDCF9%2F0A48%2F3525%2F6499%2F859049350980.png&amp;shop=6390bf67-3db7-4989-81d2-fd1d1df38751&amp;width=600&amp;height=2560"><a itemprop="url" class="product-item-link" href="/p/50g-schwarze-johannisbeere-fruchtpulver-aus-echten-fruechten-hergestellt"><div class="product-item-image-container"><img class="lazyload product-item-image" data-src="/storage/images/image?remote=https%3A%2F%2Fmadavanilla.de%2FWebRoot%2FStore7%2FShops%2F6390bf67-3db7-4989-81d2-fd1d1df38751%2F5435%2F1864%2F630A%2F0EC5%2FDCF9%2F0A48%2F3525%2F6499%2F859049350980.png&amp;shop=6390bf67-3db7-4989-81d2-fd1d1df38751&amp;width={width}&amp;height=2560" data-sizes="auto" alt="50g Schwarze Johannisbeere Fruchtpulver - aus echten Früchten hergestellt!" decoding="async" width="500" height="375"><noscript></noscript></div><h2 class="product-item-title" itemprop="name">50g Schwarze Johannisbeere Fruchtpulver - aus echten Früchten hergestellt!</h2></a><div class="product-item-info-box"><div class="product-item-price no-stock-level"><div itemscope="" itemprop="offers" itemtype="http://schema.org/Offer"><meta itemprop="url" content="/p/50g-schwarze-johannisbeere-fruchtpulver-aus-echten-fruechten-hergestellt"><meta itemprop="price" content="4.99"><meta itemprop="priceCurrency" content="EUR"><link itemprop="itemCondition" href="http://schema.org/NewCondition"></div><span class="product-item-price-reference">(1 kg = 99,80 €)</span><h3 class="product-item-price-new">4,99 €</h3></div></div></div></div><div class="swiper-slide product-item-list-swiper-slide" style="width: 220px; margin-right: 30px;"><div class="product-item" itemscope="" itemtype="http://schema.org/Product"><meta itemprop="sku" content="1756"><meta itemprop="image" content="/storage/images/image?remote=https%3A%2F%2Fmadavanilla.de%2FWebRoot%2FStore7%2FShops%2F6390bf67-3db7-4989-81d2-fd1d1df38751%2F5435%2F1A8A%2FBEDD%2FCAB9%2F9112%2F0A48%2F3525%2F6492%2F660279937943.png&amp;shop=6390bf67-3db7-4989-81d2-fd1d1df38751&amp;width=600&amp;height=2560"><a itemprop="url" class="product-item-link" href="/p/50g-sanddorn-fruchtpulver-aus-echten-fruechten-hergestellt"><div class="product-item-image-container"><img class="lazyload product-item-image" data-src="/storage/images/image?remote=https%3A%2F%2Fmadavanilla.de%2FWebRoot%2FStore7%2FShops%2F6390bf67-3db7-4989-81d2-fd1d1df38751%2F5435%2F1A8A%2FBEDD%2FCAB9%2F9112%2F0A48%2F3525%2F6492%2F660279937943.png&amp;shop=6390bf67-3db7-4989-81d2-fd1d1df38751&amp;width={width}&amp;height=2560" data-sizes="auto" alt="50g Sanddorn Fruchtpulver - aus echten Früchten hergestellt!" decoding="async" width="500" height="375"><noscript></noscript></div><h2 class="product-item-title" itemprop="name">50g Sanddorn Fruchtpulver - aus echten Früchten hergestellt!</h2></a><div class="product-item-info-box"><div class="product-item-price no-stock-level"><div itemscope="" itemprop="offers" itemtype="http://schema.org/Offer"><meta itemprop="url" content="/p/50g-sanddorn-fruchtpulver-aus-echten-fruechten-hergestellt"><meta itemprop="price" content="4.99"><meta itemprop="priceCurrency" content="EUR"><link itemprop="itemCondition" href="http://schema.org/NewCondition"></div><span class="product-item-price-reference">(1 kg = 99,80 €)</span><h3 class="product-item-price-new">4,99 €</h3></div></div></div></div><div class="swiper-slide product-item-list-swiper-slide" style="width: 220px; margin-right: 30px;"><div class="product-item" itemscope="" itemtype="http://schema.org/Product"><meta itemprop="sku" content="1764"><meta itemprop="image" content="/storage/images/image?remote=https%3A%2F%2Fmadavanilla.de%2FWebRoot%2FStore7%2FShops%2F6390bf67-3db7-4989-81d2-fd1d1df38751%2F5435%2F1AF3%2FA176%2F3750%2FED6D%2F0A48%2F3525%2F64CE%2F871743112107.jpg&amp;shop=6390bf67-3db7-4989-81d2-fd1d1df38751&amp;width=600&amp;height=2560"><a itemprop="url" class="product-item-link" href="/p/50g-hibiskusblueten-fruchtpulver-aus-echten-blueten-hergestellt"><div class="product-item-image-container"><img class="lazyload product-item-image" data-src="/storage/images/image?remote=https%3A%2F%2Fmadavanilla.de%2FWebRoot%2FStore7%2FShops%2F6390bf67-3db7-4989-81d2-fd1d1df38751%2F5435%2F1AF3%2FA176%2F3750%2FED6D%2F0A48%2F3525%2F64CE%2F871743112107.jpg&amp;shop=6390bf67-3db7-4989-81d2-fd1d1df38751&amp;width={width}&amp;height=2560" data-sizes="auto" alt="50g Hibiskusblüten Fruchtpulver - aus echten Blüten hergestellt!" decoding="async" width="1080" height="1080"><noscript></noscript></div><h2 class="product-item-title" itemprop="name">50g Hibiskusblüten Fruchtpulver - aus echten Blüten hergestellt!</h2></a><div class="product-item-info-box"><div class="product-item-price no-stock-level"><div itemscope="" itemprop="offers" itemtype="http://schema.org/Offer"><meta itemprop="url" content="/p/50g-hibiskusblueten-fruchtpulver-aus-echten-blueten-hergestellt"><meta itemprop="price" content="3.99"><meta itemprop="priceCurrency" content="EUR"><link itemprop="itemCondition" href="http://schema.org/NewCondition"></div><span class="product-item-price-reference">(1 kg = 79,80 €)</span><h3 class="product-item-price-new">3,99 €</h3></div></div></div></div><div class="swiper-slide product-item-list-swiper-slide" style="width: 220px; margin-right: 30px;"><div class="product-item" itemscope="" itemtype="http://schema.org/Product"><meta itemprop="sku" content="20191251"><meta itemprop="gtin13" content="4260588741467"><meta itemprop="image" content="/storage/images/image?remote=https%3A%2F%2Fmadavanilla.de%2FWebRoot%2FStore7%2FShops%2F6390bf67-3db7-4989-81d2-fd1d1df38751%2F5C73%2FDDBB%2FBE02%2F7EAE%2FF3EC%2F0A48%2F3521%2F4A82%2FHimbeer-Erdbeer-Pulver-Fruchtpulver.jpg&amp;shop=6390bf67-3db7-4989-81d2-fd1d1df38751&amp;width=600&amp;height=2560"><a itemprop="url" class="product-item-link" href="/p/50g-himbeer-und-erdbeer-fruchtpulver-mix"><div class="product-item-image-container"><img class="lazyload product-item-image" data-src="/storage/images/image?remote=https%3A%2F%2Fmadavanilla.de%2FWebRoot%2FStore7%2FShops%2F6390bf67-3db7-4989-81d2-fd1d1df38751%2F5C73%2FDDBB%2FBE02%2F7EAE%2FF3EC%2F0A48%2F3521%2F4A82%2FHimbeer-Erdbeer-Pulver-Fruchtpulver.jpg&amp;shop=6390bf67-3db7-4989-81d2-fd1d1df38751&amp;width={width}&amp;height=2560" data-sizes="auto" alt="50g Himbeer &amp; Erdbeer Fruchtpulver Mix" decoding="async" width="1080" height="1080"><noscript></noscript></div><h2 class="product-item-title" itemprop="name">50g Himbeer &amp; Erdbeer Fruchtpulver Mix</h2></a><div class="product-item-info-box"><div class="product-item-price no-stock-level"><div itemscope="" itemprop="offers" itemtype="http://schema.org/Offer"><meta itemprop="url" content="/p/50g-himbeer-und-erdbeer-fruchtpulver-mix"><meta itemprop="price" content="4.99"><meta itemprop="priceCurrency" content="EUR"><link itemprop="itemCondition" href="http://schema.org/NewCondition"></div><span class="product-item-price-reference">(1 kg = 99,80 €)</span><h3 class="product-item-price-new">4,99 €</h3></div></div></div></div><div class="swiper-slide product-item-list-swiper-slide" style="width: 220px; margin-right: 30px;"><div class="product-item" itemscope="" itemtype="http://schema.org/Product"><meta itemprop="sku" content="1739"><meta itemprop="image" content="/storage/images/image?remote=https%3A%2F%2Fmadavanilla.de%2FWebRoot%2FStore7%2FShops%2F6390bf67-3db7-4989-81d2-fd1d1df38751%2F5435%2F1A21%2FD92F%2F53A6%2FED43%2F0A48%2F3525%2F649E%2Fmatcha.jpg&amp;shop=6390bf67-3db7-4989-81d2-fd1d1df38751&amp;width=600&amp;height=2560"><a itemprop="url" class="product-item-link" href="/p/50g-spinat-pulver-blattspinat"><div class="product-item-image-container"><img class="lazyload product-item-image" data-src="/storage/images/image?remote=https%3A%2F%2Fmadavanilla.de%2FWebRoot%2FStore7%2FShops%2F6390bf67-3db7-4989-81d2-fd1d1df38751%2F5435%2F1A21%2FD92F%2F53A6%2FED43%2F0A48%2F3525%2F649E%2Fmatcha.jpg&amp;shop=6390bf67-3db7-4989-81d2-fd1d1df38751&amp;width={width}&amp;height=2560" data-sizes="auto" alt="50g Spinat Pulver - Blattspinat" decoding="async" width="1080" height="1080"><noscript></noscript></div><h2 class="product-item-title" itemprop="name">50g Spinat Pulver - Blattspinat</h2></a><div class="product-item-info-box"><div class="product-item-price no-stock-level"><div itemscope="" itemprop="offers" itemtype="http://schema.org/Offer"><meta itemprop="url" content="/p/50g-spinat-pulver-blattspinat"><meta itemprop="price" content="2.95"><meta itemprop="priceCurrency" content="EUR"><link itemprop="itemCondition" href="http://schema.org/NewCondition"></div><span class="product-item-price-reference">(1 kg = 59,00 €)</span><h3 class="product-item-price-new">2,95 €</h3></div></div></div></div><div class="swiper-slide product-item-list-swiper-slide" style="width: 220px; margin-right: 30px;"><div class="product-item" itemscope="" itemtype="http://schema.org/Product"><meta itemprop="sku" content="20191264"><meta itemprop="gtin13" content="4260588741474"><meta itemprop="image" content="/storage/images/image?remote=https%3A%2F%2Fmadavanilla.de%2FWebRoot%2FStore7%2FShops%2F6390bf67-3db7-4989-81d2-fd1d1df38751%2F5C7D%2F2889%2F2943%2F2541%2F83B5%2F0A48%2F3521%2FF8BA%2FMangoMaracujamix.JPG&amp;shop=6390bf67-3db7-4989-81d2-fd1d1df38751&amp;width=600&amp;height=2560"><a itemprop="url" class="product-item-link" href="/p/50g-mango-und-maracuja-fruchtpulver-mix-neu"><div class="product-item-image-container"><img class="lazyload product-item-image" data-src="/storage/images/image?remote=https%3A%2F%2Fmadavanilla.de%2FWebRoot%2FStore7%2FShops%2F6390bf67-3db7-4989-81d2-fd1d1df38751%2F5C7D%2F2889%2F2943%2F2541%2F83B5%2F0A48%2F3521%2FF8BA%2FMangoMaracujamix.JPG&amp;shop=6390bf67-3db7-4989-81d2-fd1d1df38751&amp;width={width}&amp;height=2560" data-sizes="auto" alt="50g Mango &amp; Maracuja Fruchtpulver Mix - Neu!" decoding="async" width="1049" height="1080"><noscript></noscript></div><h2 class="product-item-title" itemprop="name">50g Mango &amp; Maracuja Fruchtpulver Mix - Neu!</h2></a><div class="product-item-info-box"><div class="product-item-price no-stock-level"><div itemscope="" itemprop="offers" itemtype="http://schema.org/Offer"><meta itemprop="url" content="/p/50g-mango-und-maracuja-fruchtpulver-mix-neu"><meta itemprop="price" content="3.99"><meta itemprop="priceCurrency" content="EUR"><link itemprop="itemCondition" href="http://schema.org/NewCondition"></div><span class="product-item-price-reference">(1 kg = 79,80 €)</span><h3 class="product-item-price-new">3,99 €</h3></div></div></div></div></div><span class="swiper-notification" aria-live="assertive" aria-atomic="true"></span></div><div class="swiper-arrows grid-col-s"><div class="swiper-arrow-right" tabindex="0" role="button" aria-label="Next slide" aria-controls="swiper-wrapper-1777bdc261f6d03a" aria-disabled="false"></div><div class="swiper-arrow-left swiper-button-disabled" tabindex="-1" role="button" aria-label="Previous slide" aria-controls="swiper-wrapper-1777bdc261f6d03a" aria-disabled="true"></div></div></div></div></div></div></div></div></div></div><div id="block-56b78680-3197-49aa-86f8-8537b77ed257" data-testid="block-56b78680-3197-49aa-86f8-8537b77ed257" class="dali-block" data-block-type="epages.productslider" style="background-color:transparent;background-origin:border-box"><div class="dali-grid-row"><div class="dali-grid-column"><div class="dali-grid-element"><div class="dali-grid-element-wrapper"><div class="dali-plugin-text"><div class="dali-plugin-text-content"><h2>Viele verschiedene Nuss Spezialitäten, z. B.</h2></div></div></div></div><div><div class="dali-grid-element"><div class="dali-grid-element-wrapper"><div class="product-slider"><div style="--slide-width: 220px;"><div class="swiper-container swiper-container-initialized swiper-container-horizontal swiper-container-pointer-events" style="cursor: grab;"><div class="swiper-wrapper product-item-list grid-col-s" id="swiper-wrapper-08b23954e7e76618" aria-live="polite" style="transform: translate3d(0px, 0px, 0px);"><div class="swiper-slide product-item-list-swiper-slide swiper-slide-active" style="width: 220px; margin-right: 30px;"><div class="product-item" itemscope="" itemtype="http://schema.org/Product"><meta itemprop="sku" content="469"><meta itemprop="image" content="/storage/images/image?remote=https%3A%2F%2Fmadavanilla.de%2FWebRoot%2FStore7%2FShops%2F6390bf67-3db7-4989-81d2-fd1d1df38751%2F5435%2F0389%2FD7E0%2FF633%2F642F%2F0A48%2F3525%2F641E%2FCashwekerne.JPG&amp;shop=6390bf67-3db7-4989-81d2-fd1d1df38751&amp;width=600&amp;height=2560"><a itemprop="url" class="product-item-link" href="/p/cashewkerne-200g"><div class="product-item-image-container"><img class="lazyload product-item-image" data-src="/storage/images/image?remote=https%3A%2F%2Fmadavanilla.de%2FWebRoot%2FStore7%2FShops%2F6390bf67-3db7-4989-81d2-fd1d1df38751%2F5435%2F0389%2FD7E0%2FF633%2F642F%2F0A48%2F3525%2F641E%2FCashwekerne.JPG&amp;shop=6390bf67-3db7-4989-81d2-fd1d1df38751&amp;width={width}&amp;height=2560" data-sizes="auto" alt="Cashewkerne 200g" decoding="async" width="1080" height="1080"><noscript></noscript></div><h2 class="product-item-title" itemprop="name">Cashewkerne 200g</h2></a><div class="product-item-info-box"><div class="product-item-price no-stock-level"><div itemscope="" itemprop="offers" itemtype="http://schema.org/Offer"><meta itemprop="url" content="/p/cashewkerne-200g"><meta itemprop="price" content="4.25"><meta itemprop="priceCurrency" content="EUR"><link itemprop="itemCondition" href="http://schema.org/NewCondition"></div><span class="product-item-price-reference">(1 kg = 21,25 €)</span><h3 class="product-item-price-new">4,25 €</h3></div></div></div></div><div class="swiper-slide product-item-list-swiper-slide swiper-slide-next" style="width: 220px; margin-right: 30px;"><div class="product-item" itemscope="" itemtype="http://schema.org/Product"><meta itemprop="sku" content="473"><meta itemprop="image" content="/storage/images/image?remote=https%3A%2F%2Fmadavanilla.de%2FWebRoot%2FStore7%2FShops%2F6390bf67-3db7-4989-81d2-fd1d1df38751%2F5435%2F038B%2F22C8%2FC19A%2F85BA%2F0A48%2F3525%2F6481%2FPecannusskerne.JPG&amp;shop=6390bf67-3db7-4989-81d2-fd1d1df38751&amp;width=600&amp;height=2560"><a itemprop="url" class="product-item-link" href="/p/pecannusskerne-100g"><div class="product-item-image-container"><img class="lazyload product-item-image" data-src="/storage/images/image?remote=https%3A%2F%2Fmadavanilla.de%2FWebRoot%2FStore7%2FShops%2F6390bf67-3db7-4989-81d2-fd1d1df38751%2F5435%2F038B%2F22C8%2FC19A%2F85BA%2F0A48%2F3525%2F6481%2FPecannusskerne.JPG&amp;shop=6390bf67-3db7-4989-81d2-fd1d1df38751&amp;width={width}&amp;height=2560" data-sizes="auto" alt="PECANnusskerne,  100g" decoding="async" width="1080" height="1080"><noscript></noscript></div><h2 class="product-item-title" itemprop="name">PECANnusskerne,  100g</h2></a><div class="product-item-info-box"><div class="product-item-price no-stock-level"><div itemscope="" itemprop="offers" itemtype="http://schema.org/Offer"><meta itemprop="url" content="/p/pecannusskerne-100g"><meta itemprop="price" content="3.99"><meta itemprop="priceCurrency" content="EUR"><link itemprop="itemCondition" href="http://schema.org/NewCondition"></div><span class="product-item-price-reference">(1 kg = 39,90 €)</span><h3 class="product-item-price-new">3,99 €</h3></div></div></div></div><div class="swiper-slide product-item-list-swiper-slide" style="width: 220px; margin-right: 30px;"><div class="product-item" itemscope="" itemtype="http://schema.org/Product"><meta itemprop="sku" content="475"><meta itemprop="image" content="/storage/images/image?remote=https%3A%2F%2Fmadavanilla.de%2FWebRoot%2FStore7%2FShops%2F6390bf67-3db7-4989-81d2-fd1d1df38751%2F5435%2F038D%2F26EF%2F3EB7%2F2A69%2F0A48%2F3525%2F6497%2Fpistazien2023.JPG&amp;shop=6390bf67-3db7-4989-81d2-fd1d1df38751&amp;width=600&amp;height=2560"><a itemprop="url" class="product-item-link" href="/p/pistazien-ohne-schale-50g"><div class="product-item-image-container"><img class="lazyload product-item-image" data-src="/storage/images/image?remote=https%3A%2F%2Fmadavanilla.de%2FWebRoot%2FStore7%2FShops%2F6390bf67-3db7-4989-81d2-fd1d1df38751%2F5435%2F038D%2F26EF%2F3EB7%2F2A69%2F0A48%2F3525%2F6497%2Fpistazien2023.JPG&amp;shop=6390bf67-3db7-4989-81d2-fd1d1df38751&amp;width={width}&amp;height=2560" data-sizes="auto" alt="Pistazien - ohne Schale  50g" decoding="async" width="864" height="1080"><noscript></noscript></div><h2 class="product-item-title" itemprop="name">Pistazien - ohne Schale  50g</h2></a><div class="product-item-info-box"><div class="product-item-price no-stock-level"><div itemscope="" itemprop="offers" itemtype="http://schema.org/Offer"><meta itemprop="url" content="/p/pistazien-ohne-schale-50g"><meta itemprop="price" content="3.95"><meta itemprop="priceCurrency" content="EUR"><link itemprop="itemCondition" href="http://schema.org/NewCondition"></div><span class="product-item-price-reference">(1 kg = 79,00 €)</span><h3 class="product-item-price-new">3,95 €</h3></div></div></div></div><div class="swiper-slide product-item-list-swiper-slide" style="width: 220px; margin-right: 30px;"><div class="product-item" itemscope="" itemtype="http://schema.org/Product"><meta itemprop="sku" content="474"><meta itemprop="gtin13" content="4260256095359"><meta itemprop="image" content="/storage/images/image?remote=https%3A%2F%2Fmadavanilla.de%2FWebRoot%2FStore7%2FShops%2F6390bf67-3db7-4989-81d2-fd1d1df38751%2F5435%2F038C%2F5440%2FBD24%2F21BA%2F0A48%2F3525%2F646B%2FPinienneu.JPG&amp;shop=6390bf67-3db7-4989-81d2-fd1d1df38751&amp;width=600&amp;height=2560"><a itemprop="url" class="product-item-link" href="/p/pinienkerne-100g-pinien"><div class="product-item-image-container"><img class="lazyload product-item-image" data-src="/storage/images/image?remote=https%3A%2F%2Fmadavanilla.de%2FWebRoot%2FStore7%2FShops%2F6390bf67-3db7-4989-81d2-fd1d1df38751%2F5435%2F038C%2F5440%2FBD24%2F21BA%2F0A48%2F3525%2F646B%2FPinienneu.JPG&amp;shop=6390bf67-3db7-4989-81d2-fd1d1df38751&amp;width={width}&amp;height=2560" data-sizes="auto" alt="Pinienkerne,  100g - Pinien" decoding="async" width="864" height="1080"><noscript></noscript></div><h2 class="product-item-title" itemprop="name">Pinienkerne,  100g - Pinien</h2></a><div class="product-item-info-box"><div class="product-item-price no-stock-level"><div itemscope="" itemprop="offers" itemtype="http://schema.org/Offer"><meta itemprop="url" content="/p/pinienkerne-100g-pinien"><meta itemprop="price" content="4.95"><meta itemprop="priceCurrency" content="EUR"><link itemprop="itemCondition" href="http://schema.org/NewCondition"></div><span class="product-item-price-reference">(1 kg = 49,50 €)</span><h3 class="product-item-price-new">4,95 €</h3></div></div></div></div><div class="swiper-slide product-item-list-swiper-slide" style="width: 220px; margin-right: 30px;"><div class="product-item" itemscope="" itemtype="http://schema.org/Product"><meta itemprop="sku" content="468"><meta itemprop="image" content="/storage/images/image?remote=https%3A%2F%2Fmadavanilla.de%2FWebRoot%2FStore7%2FShops%2F6390bf67-3db7-4989-81d2-fd1d1df38751%2F5435%2F0389%2F925C%2F2CE4%2F35E9%2F0A48%2F3525%2F6483%2FEdelnuss-mischung.JPG&amp;shop=6390bf67-3db7-4989-81d2-fd1d1df38751&amp;width=600&amp;height=2560"><a itemprop="url" class="product-item-link" href="/p/premium-edelnussmischung-200g"><div class="product-item-image-container"><img class="lazyload product-item-image" data-src="/storage/images/image?remote=https%3A%2F%2Fmadavanilla.de%2FWebRoot%2FStore7%2FShops%2F6390bf67-3db7-4989-81d2-fd1d1df38751%2F5435%2F0389%2F925C%2F2CE4%2F35E9%2F0A48%2F3525%2F6483%2FEdelnuss-mischung.JPG&amp;shop=6390bf67-3db7-4989-81d2-fd1d1df38751&amp;width={width}&amp;height=2560" data-sizes="auto" alt="Premium Edelnussmischung, 200g" decoding="async" width="1080" height="1080"><noscript></noscript></div><h2 class="product-item-title" itemprop="name">Premium Edelnussmischung, 200g</h2></a><div class="product-item-info-box"><div class="product-item-price no-stock-level"><div itemscope="" itemprop="offers" itemtype="http://schema.org/Offer"><meta itemprop="url" content="/p/premium-edelnussmischung-200g"><meta itemprop="price" content="4.99"><meta itemprop="priceCurrency" content="EUR"><link itemprop="itemCondition" href="http://schema.org/NewCondition"></div><span class="product-item-price-reference">(1 kg = 24,95 €)</span><h3 class="product-item-price-new">4,99 €</h3></div></div></div></div><div class="swiper-slide product-item-list-swiper-slide" style="width: 220px; margin-right: 30px;"><div class="product-item" itemscope="" itemtype="http://schema.org/Product"><meta itemprop="sku" content="373"><meta itemprop="image" content="/storage/images/image?remote=https%3A%2F%2Fmadavanilla.de%2FWebRoot%2FStore7%2FShops%2F6390bf67-3db7-4989-81d2-fd1d1df38751%2F5435%2F039C%2F7F84%2F0609%2FCBE9%2F0A48%2F3525%2F6493%2FStudentenfutter.JPG&amp;shop=6390bf67-3db7-4989-81d2-fd1d1df38751&amp;width=600&amp;height=2560"><a itemprop="url" class="product-item-link" href="/p/studentenfutter-200g"><div class="product-item-image-container"><img class="lazyload product-item-image" data-src="/storage/images/image?remote=https%3A%2F%2Fmadavanilla.de%2FWebRoot%2FStore7%2FShops%2F6390bf67-3db7-4989-81d2-fd1d1df38751%2F5435%2F039C%2F7F84%2F0609%2FCBE9%2F0A48%2F3525%2F6493%2FStudentenfutter.JPG&amp;shop=6390bf67-3db7-4989-81d2-fd1d1df38751&amp;width={width}&amp;height=2560" data-sizes="auto" alt="Studentenfutter, 200g" decoding="async" width="1080" height="1080"><noscript></noscript></div><h2 class="product-item-title" itemprop="name">Studentenfutter, 200g</h2></a><div class="product-item-info-box"><div class="product-item-price no-stock-level"><div itemscope="" itemprop="offers" itemtype="http://schema.org/Offer"><meta itemprop="url" content="/p/studentenfutter-200g"><meta itemprop="price" content="3.95"><meta itemprop="priceCurrency" content="EUR"><link itemprop="itemCondition" href="http://schema.org/NewCondition"></div><span class="product-item-price-reference">(1 kg = 19,75 €)</span><h3 class="product-item-price-new">3,95 €</h3></div></div></div></div><div class="swiper-slide product-item-list-swiper-slide" style="width: 220px; margin-right: 30px;"><div class="product-item" itemscope="" itemtype="http://schema.org/Product"><meta itemprop="sku" content="471"><meta itemprop="image" content="/storage/images/image?remote=https%3A%2F%2Fmadavanilla.de%2FWebRoot%2FStore7%2FShops%2F6390bf67-3db7-4989-81d2-fd1d1df38751%2F5435%2F038A%2FD991%2F3B73%2F7DD3%2F0A48%2F3525%2F64BA%2FHaselnusskerne.JPG&amp;shop=6390bf67-3db7-4989-81d2-fd1d1df38751&amp;width=600&amp;height=2560"><a itemprop="url" class="product-item-link" href="/p/haselnusskerne-extra-gross-100g"><div class="product-item-image-container"><img class="lazyload product-item-image" data-src="/storage/images/image?remote=https%3A%2F%2Fmadavanilla.de%2FWebRoot%2FStore7%2FShops%2F6390bf67-3db7-4989-81d2-fd1d1df38751%2F5435%2F038A%2FD991%2F3B73%2F7DD3%2F0A48%2F3525%2F64BA%2FHaselnusskerne.JPG&amp;shop=6390bf67-3db7-4989-81d2-fd1d1df38751&amp;width={width}&amp;height=2560" data-sizes="auto" alt="Haselnusskerne - extra groß, 100g" decoding="async" width="1080" height="1080"><noscript></noscript></div><h2 class="product-item-title" itemprop="name">Haselnusskerne - extra groß, 100g</h2></a><div class="product-item-info-box"><div class="product-item-price no-stock-level"><div itemscope="" itemprop="offers" itemtype="http://schema.org/Offer"><meta itemprop="url" content="/p/haselnusskerne-extra-gross-100g"><meta itemprop="price" content="2.99"><meta itemprop="priceCurrency" content="EUR"><link itemprop="itemCondition" href="http://schema.org/NewCondition"></div><span class="product-item-price-reference">(1 kg = 29,90 €)</span><h3 class="product-item-price-new">2,99 €</h3></div></div></div></div><div class="swiper-slide product-item-list-swiper-slide" style="width: 220px; margin-right: 30px;"><div class="product-item" itemscope="" itemtype="http://schema.org/Product"><meta itemprop="sku" content="472"><meta itemprop="gtin13" content="4260256095205"><meta itemprop="image" content="/storage/images/image?remote=https%3A%2F%2Fmadavanilla.de%2FWebRoot%2FStore7%2FShops%2F6390bf67-3db7-4989-81d2-fd1d1df38751%2F5435%2F038B%2FB6F7%2FBB04%2F701F%2F0A48%2F3525%2F643E%2Fmacadamia.jpg&amp;shop=6390bf67-3db7-4989-81d2-fd1d1df38751&amp;width=600&amp;height=2560"><a itemprop="url" class="product-item-link" href="/p/macadamianuesse-100g"><div class="product-item-image-container"><img class="lazyload product-item-image" data-src="/storage/images/image?remote=https%3A%2F%2Fmadavanilla.de%2FWebRoot%2FStore7%2FShops%2F6390bf67-3db7-4989-81d2-fd1d1df38751%2F5435%2F038B%2FB6F7%2FBB04%2F701F%2F0A48%2F3525%2F643E%2Fmacadamia.jpg&amp;shop=6390bf67-3db7-4989-81d2-fd1d1df38751&amp;width={width}&amp;height=2560" data-sizes="auto" alt="MACADAMIAnüsse,  100g" decoding="async" width="1920" height="1079"><noscript></noscript></div><h2 class="product-item-title" itemprop="name">MACADAMIAnüsse,  100g</h2></a><div class="product-item-info-box"><div class="product-item-price no-stock-level"><div itemscope="" itemprop="offers" itemtype="http://schema.org/Offer"><meta itemprop="url" content="/p/macadamianuesse-100g"><meta itemprop="price" content="4.95"><meta itemprop="priceCurrency" content="EUR"><link itemprop="itemCondition" href="http://schema.org/NewCondition"></div><span class="product-item-price-reference">(1 kg = 49,50 €)</span><h3 class="product-item-price-new">4,95 €</h3></div></div></div></div><div class="swiper-slide product-item-list-swiper-slide" style="width: 220px; margin-right: 30px;"><div class="product-item" itemscope="" itemtype="http://schema.org/Product"><meta itemprop="sku" content="1224"><meta itemprop="image" content="/storage/images/image?remote=https%3A%2F%2Fmadavanilla.de%2FWebRoot%2FStore7%2FShops%2F6390bf67-3db7-4989-81d2-fd1d1df38751%2F5435%2F0DD5%2F2BCA%2F30A1%2FF8AD%2F0A48%2F3525%2F64C5%2FParanusskerne.JPG&amp;shop=6390bf67-3db7-4989-81d2-fd1d1df38751&amp;width=600&amp;height=2560"><a itemprop="url" class="product-item-link" href="/p/paranusskerne-100g"><div class="product-item-image-container"><img class="lazyload product-item-image" data-src="/storage/images/image?remote=https%3A%2F%2Fmadavanilla.de%2FWebRoot%2FStore7%2FShops%2F6390bf67-3db7-4989-81d2-fd1d1df38751%2F5435%2F0DD5%2F2BCA%2F30A1%2FF8AD%2F0A48%2F3525%2F64C5%2FParanusskerne.JPG&amp;shop=6390bf67-3db7-4989-81d2-fd1d1df38751&amp;width={width}&amp;height=2560" data-sizes="auto" alt="PARANUSSkerne,  100g" decoding="async" width="1080" height="1080"><noscript></noscript></div><h2 class="product-item-title" itemprop="name">PARANUSSkerne,  100g</h2></a><div class="product-item-info-box"><div class="product-item-price no-stock-level"><div itemscope="" itemprop="offers" itemtype="http://schema.org/Offer"><meta itemprop="url" content="/p/paranusskerne-100g"><meta itemprop="price" content="3.99"><meta itemprop="priceCurrency" content="EUR"><link itemprop="itemCondition" href="http://schema.org/NewCondition"></div><span class="product-item-price-reference">(1 kg = 39,90 €)</span><h3 class="product-item-price-new">3,99 €</h3></div></div></div></div><div class="swiper-slide product-item-list-swiper-slide" style="width: 220px; margin-right: 30px;"><div class="product-item" itemscope="" itemtype="http://schema.org/Product"><meta itemprop="sku" content="2018946"><meta itemprop="gtin13" content="4260355399969"><meta itemprop="image" content="/storage/images/image?remote=https%3A%2F%2Fmadavanilla.de%2FWebRoot%2FStore7%2FShops%2F6390bf67-3db7-4989-81d2-fd1d1df38751%2F5AAA%2F74B5%2FEF05%2F128C%2FA1B3%2F0A48%2F3620%2F563E%2FKrachmandeln.JPG&amp;shop=6390bf67-3db7-4989-81d2-fd1d1df38751&amp;width=600&amp;height=2560"><a itemprop="url" class="product-item-link" href="/p/100g-mandeln-mit-schale-krachmandeln-ganz"><div class="product-item-image-container"><img class="lazyload product-item-image" data-src="/storage/images/image?remote=https%3A%2F%2Fmadavanilla.de%2FWebRoot%2FStore7%2FShops%2F6390bf67-3db7-4989-81d2-fd1d1df38751%2F5AAA%2F74B5%2FEF05%2F128C%2FA1B3%2F0A48%2F3620%2F563E%2FKrachmandeln.JPG&amp;shop=6390bf67-3db7-4989-81d2-fd1d1df38751&amp;width={width}&amp;height=2560" data-sizes="auto" alt="100g Mandeln mit Schale (Krachmandeln) ganz" decoding="async" width="1080" height="1080"><noscript></noscript></div><h2 class="product-item-title" itemprop="name">100g Mandeln mit Schale (Krachmandeln) ganz</h2></a><div class="product-item-info-box"><div class="product-item-price no-stock-level"><div itemscope="" itemprop="offers" itemtype="http://schema.org/Offer"><meta itemprop="url" content="/p/100g-mandeln-mit-schale-krachmandeln-ganz"><meta itemprop="price" content="2.99"><meta itemprop="priceCurrency" content="EUR"><link itemprop="itemCondition" href="http://schema.org/NewCondition"></div><span class="product-item-price-reference">(1 kg = 29,90 €)</span><h3 class="product-item-price-new">2,99 €</h3></div></div></div></div></div><span class="swiper-notification" aria-live="assertive" aria-atomic="true"></span></div><div class="swiper-arrows grid-col-s"><div class="swiper-arrow-right" tabindex="0" role="button" aria-label="Next slide" aria-controls="swiper-wrapper-08b23954e7e76618" aria-disabled="false"></div><div class="swiper-arrow-left swiper-button-disabled" tabindex="-1" role="button" aria-label="Previous slide" aria-controls="swiper-wrapper-08b23954e7e76618" aria-disabled="true"></div></div></div></div></div></div></div></div></div></div><div id="block-1d6ea9db-f359-4fe4-a40d-34ee048ae90e" data-testid="block-1d6ea9db-f359-4fe4-a40d-34ee048ae90e" class="dali-block" data-block-type="epages.productslider" style="background-color:transparent;background-origin:border-box"><div class="dali-grid-row"><div class="dali-grid-column"><div class="dali-grid-element"><div class="dali-grid-element-wrapper"><div class="dali-plugin-text"><div class="dali-plugin-text-content"><h2><strong>Beliebte Bio Tee Sorten</strong></h2></div></div></div></div><div><div class="dali-grid-element"><div class="dali-grid-element-wrapper"><div class="product-slider"><div style="--slide-width: 220px;"><div class="swiper-container swiper-container-initialized swiper-container-horizontal swiper-container-pointer-events" style="cursor: grab;"><div class="swiper-wrapper product-item-list grid-col-s" id="swiper-wrapper-49c54a8d8a2174dc" aria-live="polite" style="transform: translate3d(0px, 0px, 0px);"><div class="swiper-slide product-item-list-swiper-slide swiper-slide-active" style="width: 220px; margin-right: 30px;"><div class="product-item" itemscope="" itemtype="http://schema.org/Product"><meta itemprop="sku" content="20212251"><meta itemprop="gtin13" content="4260588745052"><meta itemprop="image" content="/storage/images/image?remote=https%3A%2F%2Fmadavanilla.de%2FWebRoot%2FStore7%2FShops%2F6390bf67-3db7-4989-81d2-fd1d1df38751%2F6033%2FDF7D%2F2699%2F595D%2F80AB%2F0A48%2F352C%2FBC24%2FGoldenezeiten.JPG&amp;shop=6390bf67-3db7-4989-81d2-fd1d1df38751&amp;width=600&amp;height=2560"><a itemprop="url" class="product-item-link" href="/p/100g-bio-fruechtetee-goldene-zeiten-mit-einem-hauch-erdbeere-de-oeko-005"><div class="product-item-image-container"><img class="lazyload product-item-image" data-src="/storage/images/image?remote=https%3A%2F%2Fmadavanilla.de%2FWebRoot%2FStore7%2FShops%2F6390bf67-3db7-4989-81d2-fd1d1df38751%2F6033%2FDF7D%2F2699%2F595D%2F80AB%2F0A48%2F352C%2FBC24%2FGoldenezeiten.JPG&amp;shop=6390bf67-3db7-4989-81d2-fd1d1df38751&amp;width={width}&amp;height=2560" data-sizes="auto" alt="100g Bio Früchtetee Goldene Zeiten (mit einem Hauch Erdbeere) - DE-ÖKO-005" decoding="async" width="864" height="1080"><noscript></noscript></div><h2 class="product-item-title" itemprop="name">100g Bio Früchtetee Goldene Zeiten (mit einem Hauch Erdbeere) - DE-ÖKO-005</h2></a><div class="product-item-info-box"><div class="product-item-price no-stock-level"><div itemscope="" itemprop="offers" itemtype="http://schema.org/Offer"><meta itemprop="url" content="/p/100g-bio-fruechtetee-goldene-zeiten-mit-einem-hauch-erdbeere-de-oeko-005"><meta itemprop="price" content="4.99"><meta itemprop="priceCurrency" content="EUR"><link itemprop="itemCondition" href="http://schema.org/NewCondition"></div><span class="product-item-price-reference">(1 kg = 49,90 €)</span><h3 class="product-item-price-new">4,99 €</h3></div></div></div></div><div class="swiper-slide product-item-list-swiper-slide swiper-slide-next" style="width: 220px; margin-right: 30px;"><div class="product-item" itemscope="" itemtype="http://schema.org/Product"><meta itemprop="sku" content="20222696"><meta itemprop="gtin13" content="4260588746745"><meta itemprop="image" content="/storage/images/image?remote=https%3A%2F%2Fmadavanilla.de%2FWebRoot%2FStore7%2FShops%2F6390bf67-3db7-4989-81d2-fd1d1df38751%2F630D%2FB6A2%2F5ADD%2F69CA%2FACA6%2F0A48%2F353C%2F61DC%2Fbioearl.JPG&amp;shop=6390bf67-3db7-4989-81d2-fd1d1df38751&amp;width=600&amp;height=2560"><a itemprop="url" class="product-item-link" href="/p/100g-bio-earl-grey-tee-schwarzer-tee-de-oeko-005"><div class="product-item-image-container"><img class="lazyload product-item-image" data-src="/storage/images/image?remote=https%3A%2F%2Fmadavanilla.de%2FWebRoot%2FStore7%2FShops%2F6390bf67-3db7-4989-81d2-fd1d1df38751%2F630D%2FB6A2%2F5ADD%2F69CA%2FACA6%2F0A48%2F353C%2F61DC%2Fbioearl.JPG&amp;shop=6390bf67-3db7-4989-81d2-fd1d1df38751&amp;width={width}&amp;height=2560" data-sizes="auto" alt="100g Bio Earl Grey Tee - Schwarzer Tee - DE-ÖKO-005" decoding="async" width="864" height="1080"><noscript></noscript></div><h2 class="product-item-title" itemprop="name">100g Bio Earl Grey Tee - Schwarzer Tee - DE-ÖKO-005</h2></a><div class="product-item-info-box"><div class="product-item-price no-stock-level"><div itemscope="" itemprop="offers" itemtype="http://schema.org/Offer"><meta itemprop="url" content="/p/100g-bio-earl-grey-tee-schwarzer-tee-de-oeko-005"><meta itemprop="price" content="4.99"><meta itemprop="priceCurrency" content="EUR"><link itemprop="itemCondition" href="http://schema.org/NewCondition"></div><span class="product-item-price-reference">(1 kg = 49,90 €)</span><h3 class="product-item-price-new">4,99 €</h3></div></div></div></div><div class="swiper-slide product-item-list-swiper-slide" style="width: 220px; margin-right: 30px;"><div class="product-item" itemscope="" itemtype="http://schema.org/Product"><meta itemprop="sku" content="20232728"><meta itemprop="gtin13" content="4260588746967"><meta itemprop="image" content="/storage/images/image?remote=https%3A%2F%2Fmadavanilla.de%2FWebRoot%2FStore7%2FShops%2F6390bf67-3db7-4989-81d2-fd1d1df38751%2F63DB%2FB009%2FFACA%2F8BAE%2F3FF4%2F0A48%2F353D%2F5956%2Fgingermatcha.jpg&amp;shop=6390bf67-3db7-4989-81d2-fd1d1df38751&amp;width=600&amp;height=2560"><a itemprop="url" class="product-item-link" href="/p/100g-bio-gruentee-ginger-matcha-genmaicha-de-oeko-005"><div class="product-item-image-container"><img class="lazyload product-item-image" data-src="/storage/images/image?remote=https%3A%2F%2Fmadavanilla.de%2FWebRoot%2FStore7%2FShops%2F6390bf67-3db7-4989-81d2-fd1d1df38751%2F63DB%2FB009%2FFACA%2F8BAE%2F3FF4%2F0A48%2F353D%2F5956%2Fgingermatcha.jpg&amp;shop=6390bf67-3db7-4989-81d2-fd1d1df38751&amp;width={width}&amp;height=2560" data-sizes="auto" alt="100g Bio Grüntee Ginger Matcha Genmaicha - DE-ÖKO-005" decoding="async" width="864" height="1080"><noscript></noscript></div><h2 class="product-item-title" itemprop="name">100g Bio Grüntee Ginger Matcha Genmaicha - DE-ÖKO-005</h2></a><div class="product-item-info-box"><div class="product-item-price no-stock-level"><div itemscope="" itemprop="offers" itemtype="http://schema.org/Offer"><meta itemprop="url" content="/p/100g-bio-gruentee-ginger-matcha-genmaicha-de-oeko-005"><meta itemprop="price" content="6.99"><meta itemprop="priceCurrency" content="EUR"><link itemprop="itemCondition" href="http://schema.org/NewCondition"></div><span class="product-item-price-reference">(1 kg = 69,90 €)</span><h3 class="product-item-price-new">6,99 €</h3></div></div></div></div><div class="swiper-slide product-item-list-swiper-slide" style="width: 220px; margin-right: 30px;"><div class="product-item" itemscope="" itemtype="http://schema.org/Product"><meta itemprop="sku" content="1422"><meta itemprop="image" content="/storage/images/image?remote=https%3A%2F%2Fmadavanilla.de%2FWebRoot%2FStore7%2FShops%2F6390bf67-3db7-4989-81d2-fd1d1df38751%2F5435%2F12DA%2FF815%2F990F%2FC16B%2F0A48%2F3525%2F6497%2F123403900960.png&amp;shop=6390bf67-3db7-4989-81d2-fd1d1df38751&amp;width=600&amp;height=2560"><a itemprop="url" class="product-item-link" href="/p/100g-bio-blutorange-gruener-tee-de-oeko-005-4"><div class="product-item-image-container"><img class="lazyload product-item-image" data-src="/storage/images/image?remote=https%3A%2F%2Fmadavanilla.de%2FWebRoot%2FStore7%2FShops%2F6390bf67-3db7-4989-81d2-fd1d1df38751%2F5435%2F12DA%2FF815%2F990F%2FC16B%2F0A48%2F3525%2F6497%2F123403900960.png&amp;shop=6390bf67-3db7-4989-81d2-fd1d1df38751&amp;width={width}&amp;height=2560" data-sizes="auto" alt="100g BIO Blutorange, Grüner Tee - DE-ÖKO-005" decoding="async" width="500" height="469"><noscript></noscript></div><h2 class="product-item-title" itemprop="name">100g BIO Blutorange, Grüner Tee - DE-ÖKO-005</h2></a><div class="product-item-info-box"><div class="product-item-price no-stock-level"><div itemscope="" itemprop="offers" itemtype="http://schema.org/Offer"><meta itemprop="url" content="/p/100g-bio-blutorange-gruener-tee-de-oeko-005-4"><meta itemprop="price" content="4.99"><meta itemprop="priceCurrency" content="EUR"><link itemprop="itemCondition" href="http://schema.org/NewCondition"></div><span class="product-item-price-reference">(1 kg = 49,90 €)</span><h3 class="product-item-price-new">4,99 €</h3></div></div></div></div><div class="swiper-slide product-item-list-swiper-slide" style="width: 220px; margin-right: 30px;"><div class="product-item" itemscope="" itemtype="http://schema.org/Product"><meta itemprop="sku" content="20232730"><meta itemprop="gtin13" content="4260588746981"><meta itemprop="image" content="/storage/images/image?remote=https%3A%2F%2Fmadavanilla.de%2FWebRoot%2FStore7%2FShops%2F6390bf67-3db7-4989-81d2-fd1d1df38751%2F63DB%2FB29A%2F7BD0%2F6F59%2FFED7%2F0A48%2F353C%2FF893%2Fkurkumagold.jpg&amp;shop=6390bf67-3db7-4989-81d2-fd1d1df38751&amp;width=600&amp;height=2560"><a itemprop="url" class="product-item-link" href="/p/100g-bio-kraeutertee-kurkuma-gold-kurkuma-vanille-tonka-note-de-oeko-005"><div class="product-item-image-container"><img class="lazyload product-item-image" data-src="/storage/images/image?remote=https%3A%2F%2Fmadavanilla.de%2FWebRoot%2FStore7%2FShops%2F6390bf67-3db7-4989-81d2-fd1d1df38751%2F63DB%2FB29A%2F7BD0%2F6F59%2FFED7%2F0A48%2F353C%2FF893%2Fkurkumagold.jpg&amp;shop=6390bf67-3db7-4989-81d2-fd1d1df38751&amp;width={width}&amp;height=2560" data-sizes="auto" alt="100g BIO Kräutertee Kurkuma Gold Kurkuma-Vanille-Tonka-Note DE-ÖKO-005" decoding="async" width="864" height="1080"><noscript></noscript></div><h2 class="product-item-title" itemprop="name">100g BIO Kräutertee Kurkuma Gold Kurkuma-Vanille-Tonka-Note DE-ÖKO-005</h2></a><div class="product-item-info-box"><div class="product-item-price no-stock-level"><div itemscope="" itemprop="offers" itemtype="http://schema.org/Offer"><meta itemprop="url" content="/p/100g-bio-kraeutertee-kurkuma-gold-kurkuma-vanille-tonka-note-de-oeko-005"><meta itemprop="price" content="4.99"><meta itemprop="priceCurrency" content="EUR"><link itemprop="itemCondition" href="http://schema.org/NewCondition"></div><span class="product-item-price-reference">(1 kg = 49,90 €)</span><h3 class="product-item-price-new">4,99 €</h3></div></div></div></div><div class="swiper-slide product-item-list-swiper-slide" style="width: 220px; margin-right: 30px;"><div class="product-item" itemscope="" itemtype="http://schema.org/Product"><meta itemprop="sku" content="1430"><meta itemprop="image" content="/storage/images/image?remote=https%3A%2F%2Fmadavanilla.de%2FWebRoot%2FStore7%2FShops%2F6390bf67-3db7-4989-81d2-fd1d1df38751%2F5435%2F12E2%2F197C%2FE5D2%2F2825%2F0A48%2F3525%2F6493%2F624360444588.png&amp;shop=6390bf67-3db7-4989-81d2-fd1d1df38751&amp;width=600&amp;height=2560"><a itemprop="url" class="product-item-link" href="/p/100g-bio-kraeutertee-s-bremse-de-oeko-005-1"><div class="product-item-image-container"><img class="lazyload product-item-image" data-src="/storage/images/image?remote=https%3A%2F%2Fmadavanilla.de%2FWebRoot%2FStore7%2FShops%2F6390bf67-3db7-4989-81d2-fd1d1df38751%2F5435%2F12E2%2F197C%2FE5D2%2F2825%2F0A48%2F3525%2F6493%2F624360444588.png&amp;shop=6390bf67-3db7-4989-81d2-fd1d1df38751&amp;width={width}&amp;height=2560" data-sizes="auto" alt="100g BIO Kräutertee S-Bremse - DE-ÖKO-005" decoding="async" width="500" height="376"><noscript></noscript></div><h2 class="product-item-title" itemprop="name">100g BIO Kräutertee S-Bremse - DE-ÖKO-005</h2></a><div class="product-item-info-box"><div class="product-item-price no-stock-level"><div itemscope="" itemprop="offers" itemtype="http://schema.org/Offer"><meta itemprop="url" content="/p/100g-bio-kraeutertee-s-bremse-de-oeko-005-1"><meta itemprop="price" content="4.99"><meta itemprop="priceCurrency" content="EUR"><link itemprop="itemCondition" href="http://schema.org/NewCondition"></div><span class="product-item-price-reference">(1 kg = 49,90 €)</span><h3 class="product-item-price-new">4,99 €</h3></div></div></div></div><div class="swiper-slide product-item-list-swiper-slide" style="width: 220px; margin-right: 30px;"><div class="product-item" itemscope="" itemtype="http://schema.org/Product"><meta itemprop="sku" content="1496"><meta itemprop="image" content="/storage/images/image?remote=https%3A%2F%2Fmadavanilla.de%2FWebRoot%2FStore7%2FShops%2F6390bf67-3db7-4989-81d2-fd1d1df38751%2F5435%2F14E2%2FB981%2F54EF%2FEBC7%2F0A48%2F3525%2F6450%2FChina-Sencha.JPG&amp;shop=6390bf67-3db7-4989-81d2-fd1d1df38751&amp;width=600&amp;height=2560"><a itemprop="url" class="product-item-link" href="/p/100g-bio-china-sencha-gruener-tee-de-oeko-005-2"><div class="product-item-image-container"><img class="lazyload product-item-image" data-src="/storage/images/image?remote=https%3A%2F%2Fmadavanilla.de%2FWebRoot%2FStore7%2FShops%2F6390bf67-3db7-4989-81d2-fd1d1df38751%2F5435%2F14E2%2FB981%2F54EF%2FEBC7%2F0A48%2F3525%2F6450%2FChina-Sencha.JPG&amp;shop=6390bf67-3db7-4989-81d2-fd1d1df38751&amp;width={width}&amp;height=2560" data-sizes="auto" alt="100g BIO China Sencha, Grüner Tee - DE-ÖKO-005" decoding="async" width="1080" height="1080"><noscript></noscript></div><h2 class="product-item-title" itemprop="name">100g BIO China Sencha, Grüner Tee - DE-ÖKO-005</h2></a><div class="product-item-info-box"><div class="product-item-price no-stock-level"><div itemscope="" itemprop="offers" itemtype="http://schema.org/Offer"><meta itemprop="url" content="/p/100g-bio-china-sencha-gruener-tee-de-oeko-005-2"><meta itemprop="price" content="4.99"><meta itemprop="priceCurrency" content="EUR"><link itemprop="itemCondition" href="http://schema.org/NewCondition"></div><span class="product-item-price-reference">(1 kg = 49,90 €)</span><h3 class="product-item-price-new">4,99 €</h3></div></div></div></div><div class="swiper-slide product-item-list-swiper-slide" style="width: 220px; margin-right: 30px;"><div class="product-item" itemscope="" itemtype="http://schema.org/Product"><meta itemprop="sku" content="1944"><meta itemprop="image" content="/storage/images/image?remote=https%3A%2F%2Fmadavanilla.de%2FWebRoot%2FStore7%2FShops%2F6390bf67-3db7-4989-81d2-fd1d1df38751%2F5435%2F1E59%2FCDA9%2FEAD7%2F9476%2F0A48%2F3525%2F64A0%2F127600611788.png&amp;shop=6390bf67-3db7-4989-81d2-fd1d1df38751&amp;width=600&amp;height=2560"><a itemprop="url" class="product-item-link" href="/p/100g-bio-schwarzer-tee-assam-gfbop-tonganagaon"><div class="product-item-image-container"><img class="lazyload product-item-image" data-src="/storage/images/image?remote=https%3A%2F%2Fmadavanilla.de%2FWebRoot%2FStore7%2FShops%2F6390bf67-3db7-4989-81d2-fd1d1df38751%2F5435%2F1E59%2FCDA9%2FEAD7%2F9476%2F0A48%2F3525%2F64A0%2F127600611788.png&amp;shop=6390bf67-3db7-4989-81d2-fd1d1df38751&amp;width={width}&amp;height=2560" data-sizes="auto" alt="100g Bio Schwarzer Tee Assam GFBOP Tonganagaon" decoding="async" width="500" height="500"><noscript></noscript></div><h2 class="product-item-title" itemprop="name">100g Bio Schwarzer Tee Assam GFBOP Tonganagaon</h2></a><div class="product-item-info-box"><div class="product-item-price no-stock-level"><div itemscope="" itemprop="offers" itemtype="http://schema.org/Offer"><meta itemprop="url" content="/p/100g-bio-schwarzer-tee-assam-gfbop-tonganagaon"><meta itemprop="price" content="4.99"><meta itemprop="priceCurrency" content="EUR"><link itemprop="itemCondition" href="http://schema.org/NewCondition"></div><span class="product-item-price-reference">(1 kg = 49,90 €)</span><h3 class="product-item-price-new">4,99 €</h3></div></div></div></div><div class="swiper-slide product-item-list-swiper-slide" style="width: 220px; margin-right: 30px;"><div class="product-item" itemscope="" itemtype="http://schema.org/Product"><meta itemprop="sku" content="20222676"><meta itemprop="gtin13" content="4260588746448"><meta itemprop="image" content="/storage/images/image?remote=https%3A%2F%2Fmadavanilla.de%2FWebRoot%2FStore7%2FShops%2F6390bf67-3db7-4989-81d2-fd1d1df38751%2F62A0%2F4AA8%2F491F%2FEBB5%2FDD4B%2F0A48%2F353D%2FD070%2FLitchitee.JPG&amp;shop=6390bf67-3db7-4989-81d2-fd1d1df38751&amp;width=600&amp;height=2560"><a itemprop="url" class="product-item-link" href="/p/100g-bio-fruechtetee-litschi-brombeer-de-oeko-005"><div class="product-item-image-container"><img class="lazyload product-item-image" data-src="/storage/images/image?remote=https%3A%2F%2Fmadavanilla.de%2FWebRoot%2FStore7%2FShops%2F6390bf67-3db7-4989-81d2-fd1d1df38751%2F62A0%2F4AA8%2F491F%2FEBB5%2FDD4B%2F0A48%2F353D%2FD070%2FLitchitee.JPG&amp;shop=6390bf67-3db7-4989-81d2-fd1d1df38751&amp;width={width}&amp;height=2560" data-sizes="auto" alt="100g Bio Früchtetee Litschi Brombeer - DE-ÖKO-005" decoding="async" width="887" height="1080"><noscript></noscript></div><h2 class="product-item-title" itemprop="name">100g Bio Früchtetee Litschi Brombeer - DE-ÖKO-005</h2></a><div class="product-item-info-box"><div class="product-item-price no-stock-level"><div itemscope="" itemprop="offers" itemtype="http://schema.org/Offer"><meta itemprop="url" content="/p/100g-bio-fruechtetee-litschi-brombeer-de-oeko-005"><meta itemprop="price" content="4.99"><meta itemprop="priceCurrency" content="EUR"><link itemprop="itemCondition" href="http://schema.org/NewCondition"></div><span class="product-item-price-reference">(1 kg = 49,90 €)</span><h3 class="product-item-price-new">4,99 €</h3></div></div></div></div><div class="swiper-slide product-item-list-swiper-slide" style="width: 220px; margin-right: 30px;"><div class="product-item" itemscope="" itemtype="http://schema.org/Product"><meta itemprop="sku" content="20232742"><meta itemprop="gtin13" content="4260588747100"><meta itemprop="image" content="/storage/images/image?remote=https%3A%2F%2Fmadavanilla.de%2FWebRoot%2FStore7%2FShops%2F6390bf67-3db7-4989-81d2-fd1d1df38751%2F63EB%2FA7FE%2F761E%2F7515%2F4F94%2F0A48%2F353C%2F824C%2Fbiojasmin.JPG&amp;shop=6390bf67-3db7-4989-81d2-fd1d1df38751&amp;width=600&amp;height=2560"><a itemprop="url" class="product-item-link" href="/p/100g-bio-gruener-tee-china-feiner-jasmintee-de-oeko-005"><div class="product-item-image-container"><img class="lazyload product-item-image" data-src="/storage/images/image?remote=https%3A%2F%2Fmadavanilla.de%2FWebRoot%2FStore7%2FShops%2F6390bf67-3db7-4989-81d2-fd1d1df38751%2F63EB%2FA7FE%2F761E%2F7515%2F4F94%2F0A48%2F353C%2F824C%2Fbiojasmin.JPG&amp;shop=6390bf67-3db7-4989-81d2-fd1d1df38751&amp;width={width}&amp;height=2560" data-sizes="auto" alt="100g Bio Grüner Tee China feiner Jasmintee DE-ÖKO-005" decoding="async" width="864" height="1080"><noscript></noscript></div><h2 class="product-item-title" itemprop="name">100g Bio Grüner Tee China feiner Jasmintee DE-ÖKO-005</h2></a><div class="product-item-info-box"><div class="product-item-price no-stock-level"><div itemscope="" itemprop="offers" itemtype="http://schema.org/Offer"><meta itemprop="url" content="/p/100g-bio-gruener-tee-china-feiner-jasmintee-de-oeko-005"><meta itemprop="price" content="5.99"><meta itemprop="priceCurrency" content="EUR"><link itemprop="itemCondition" href="http://schema.org/NewCondition"></div><span class="product-item-price-reference">(1 kg = 59,90 €)</span><h3 class="product-item-price-new">5,99 €</h3></div></div></div></div><div class="swiper-slide product-item-list-swiper-slide" style="width: 220px; margin-right: 30px;"><div class="product-item" itemscope="" itemtype="http://schema.org/Product"><meta itemprop="sku" content="20222697"><meta itemprop="gtin13" content="4260588746752"><meta itemprop="image" content="/storage/images/image?remote=https%3A%2F%2Fmadavanilla.de%2FWebRoot%2FStore7%2FShops%2F6390bf67-3db7-4989-81d2-fd1d1df38751%2F630D%2FB8D4%2F9312%2F4DA5%2FF3A6%2F0A48%2F352C%2FB6E9%2Flemonap.JPG&amp;shop=6390bf67-3db7-4989-81d2-fd1d1df38751&amp;width=600&amp;height=2560"><a itemprop="url" class="product-item-link" href="/p/100g-bio-fruechtetee-lemonap-caipirinha-de-oeko-005"><div class="product-item-image-container"><img class="lazyload product-item-image" data-src="/storage/images/image?remote=https%3A%2F%2Fmadavanilla.de%2FWebRoot%2FStore7%2FShops%2F6390bf67-3db7-4989-81d2-fd1d1df38751%2F630D%2FB8D4%2F9312%2F4DA5%2FF3A6%2F0A48%2F352C%2FB6E9%2Flemonap.JPG&amp;shop=6390bf67-3db7-4989-81d2-fd1d1df38751&amp;width={width}&amp;height=2560" data-sizes="auto" alt="100g Bio Früchtetee LemonAp - Caipirinha - DE-ÖKO-005" decoding="async" width="864" height="1080"><noscript></noscript></div><h2 class="product-item-title" itemprop="name">100g Bio Früchtetee LemonAp - Caipirinha - DE-ÖKO-005</h2></a><div class="product-item-info-box"><div class="product-item-price no-stock-level"><div itemscope="" itemprop="offers" itemtype="http://schema.org/Offer"><meta itemprop="url" content="/p/100g-bio-fruechtetee-lemonap-caipirinha-de-oeko-005"><meta itemprop="price" content="4.99"><meta itemprop="priceCurrency" content="EUR"><link itemprop="itemCondition" href="http://schema.org/NewCondition"></div><span class="product-item-price-reference">(1 kg = 49,90 €)</span><h3 class="product-item-price-new">4,99 €</h3></div></div></div></div><div class="swiper-slide product-item-list-swiper-slide product-item-list-items empty-product" style="width: 220px; margin-right: 30px;"></div><div class="swiper-slide product-item-list-swiper-slide product-item-list-items empty-product" style="width: 220px; margin-right: 30px;"></div><div class="swiper-slide product-item-list-swiper-slide product-item-list-items empty-product" style="width: 220px; margin-right: 30px;"></div><div class="swiper-slide product-item-list-swiper-slide product-item-list-items empty-product" style="width: 220px; margin-right: 30px;"></div></div><span class="swiper-notification" aria-live="assertive" aria-atomic="true"></span></div><div class="swiper-arrows grid-col-s"><div class="swiper-arrow-right" tabindex="0" role="button" aria-label="Next slide" aria-controls="swiper-wrapper-49c54a8d8a2174dc" aria-disabled="false"></div><div class="swiper-arrow-left swiper-button-disabled" tabindex="-1" role="button" aria-label="Previous slide" aria-controls="swiper-wrapper-49c54a8d8a2174dc" aria-disabled="true"></div></div></div></div></div></div></div></div></div></div><div id="block-62a25046-7d5f-4c65-8048-272ed8291c9e" data-testid="block-62a25046-7d5f-4c65-8048-272ed8291c9e" class="dali-block" data-block-type="epages.productslider" style="background-color:transparent;background-origin:border-box"><div class="dali-grid-row"><div class="dali-grid-column"><div class="dali-grid-element"><div class="dali-grid-element-wrapper"><div class="dali-plugin-text"><div class="dali-plugin-text-content"><h2>Bruschetta, Pesto und Dipp</h2></div></div></div></div><div><div class="dali-grid-element"><div class="dali-grid-element-wrapper"><div class="product-slider"><div style="--slide-width: 220px;"><div class="swiper-container swiper-container-initialized swiper-container-horizontal swiper-container-pointer-events" style="cursor: grab;"><div class="swiper-wrapper product-item-list grid-col-s" id="swiper-wrapper-36e3910466c5efe22" aria-live="polite" style="transform: translate3d(0px, 0px, 0px);"><div class="swiper-slide product-item-list-swiper-slide swiper-slide-active" style="width: 220px; margin-right: 30px;"><div class="product-item" itemscope="" itemtype="http://schema.org/Product"><meta itemprop="sku" content="20201527"><meta itemprop="gtin13" content="4260588742976"><meta itemprop="image" content="/storage/images/image?remote=https%3A%2F%2Fmadavanilla.de%2FWebRoot%2FStore7%2FShops%2F6390bf67-3db7-4989-81d2-fd1d1df38751%2F5E3A%2F8A98%2F75BE%2F7642%2F30A7%2F0A48%2F3521%2FAA10%2FWalnusspesto.JPG&amp;shop=6390bf67-3db7-4989-81d2-fd1d1df38751&amp;width=600&amp;height=2560"><a itemprop="url" class="product-item-link" href="/p/50g-bruschetta-walnuss-walnuss-pesto"><div class="product-item-image-container"><img class="lazyload product-item-image" data-src="/storage/images/image?remote=https%3A%2F%2Fmadavanilla.de%2FWebRoot%2FStore7%2FShops%2F6390bf67-3db7-4989-81d2-fd1d1df38751%2F5E3A%2F8A98%2F75BE%2F7642%2F30A7%2F0A48%2F3521%2FAA10%2FWalnusspesto.JPG&amp;shop=6390bf67-3db7-4989-81d2-fd1d1df38751&amp;width={width}&amp;height=2560" data-sizes="auto" alt="50g Bruschetta Walnuß - Walnuß Pesto" decoding="async" width="864" height="1080"><noscript></noscript></div><h2 class="product-item-title" itemprop="name">50g Bruschetta Walnuß - Walnuß Pesto</h2></a><div class="product-item-info-box"><div class="product-item-price no-stock-level"><div itemscope="" itemprop="offers" itemtype="http://schema.org/Offer"><meta itemprop="url" content="/p/50g-bruschetta-walnuss-walnuss-pesto"><meta itemprop="price" content="2.5"><meta itemprop="priceCurrency" content="EUR"><link itemprop="itemCondition" href="http://schema.org/NewCondition"></div><span class="product-item-price-reference">(1 kg = 50,00 €)</span><h3 class="product-item-price-new">2,50 €</h3></div></div></div></div><div class="swiper-slide product-item-list-swiper-slide swiper-slide-next" style="width: 220px; margin-right: 30px;"><div class="product-item" itemscope="" itemtype="http://schema.org/Product"><meta itemprop="sku" content="201586"><meta itemprop="image" content="/storage/images/image?remote=https%3A%2F%2Fmadavanilla.de%2FWebRoot%2FStore7%2FShops%2F6390bf67-3db7-4989-81d2-fd1d1df38751%2F5508%2F15D2%2F4EF2%2FCDFD%2F229A%2F0A48%2F3521%2F976D%2Fprovence.jpg&amp;shop=6390bf67-3db7-4989-81d2-fd1d1df38751&amp;width=600&amp;height=2560"><a itemprop="url" class="product-item-link" href="/p/50g-pesto-provence"><div class="product-item-image-container"><img class="lazyload product-item-image" data-src="/storage/images/image?remote=https%3A%2F%2Fmadavanilla.de%2FWebRoot%2FStore7%2FShops%2F6390bf67-3db7-4989-81d2-fd1d1df38751%2F5508%2F15D2%2F4EF2%2FCDFD%2F229A%2F0A48%2F3521%2F976D%2Fprovence.jpg&amp;shop=6390bf67-3db7-4989-81d2-fd1d1df38751&amp;width={width}&amp;height=2560" data-sizes="auto" alt="50g Pesto Provence" decoding="async" width="1080" height="1080"><noscript></noscript></div><h2 class="product-item-title" itemprop="name">50g Pesto Provence</h2></a><div class="product-item-info-box"><div class="product-item-price no-stock-level"><div itemscope="" itemprop="offers" itemtype="http://schema.org/Offer"><meta itemprop="url" content="/p/50g-pesto-provence"><meta itemprop="price" content="2.5"><meta itemprop="priceCurrency" content="EUR"><link itemprop="itemCondition" href="http://schema.org/NewCondition"></div><span class="product-item-price-reference">(1 kg = 50,00 €)</span><h3 class="product-item-price-new">2,50 €</h3></div></div></div></div><div class="swiper-slide product-item-list-swiper-slide" style="width: 220px; margin-right: 30px;"><div class="product-item" itemscope="" itemtype="http://schema.org/Product"><meta itemprop="sku" content="1659"><meta itemprop="image" content="/storage/images/image?remote=https%3A%2F%2Fmadavanilla.de%2FWebRoot%2FStore7%2FShops%2F6390bf67-3db7-4989-81d2-fd1d1df38751%2F61EF%2FA041%2F63FE%2FE062%2F4F42%2F0A48%2F352B%2F0369%2FChili-con-Carne.JPG&amp;shop=6390bf67-3db7-4989-81d2-fd1d1df38751&amp;width=600&amp;height=2560"><a itemprop="url" class="product-item-link" href="/p/50g-dipp-chakalaka-scharf-und-authentisch"><div class="product-item-image-container"><img class="lazyload product-item-image" data-src="/storage/images/image?remote=https%3A%2F%2Fmadavanilla.de%2FWebRoot%2FStore7%2FShops%2F6390bf67-3db7-4989-81d2-fd1d1df38751%2F61EF%2FA041%2F63FE%2FE062%2F4F42%2F0A48%2F352B%2F0369%2FChili-con-Carne.JPG&amp;shop=6390bf67-3db7-4989-81d2-fd1d1df38751&amp;width={width}&amp;height=2560" data-sizes="auto" alt="50g Dipp Chakalaka  - Scharf und authentisch" decoding="async" width="1080" height="1080"><noscript></noscript></div><h2 class="product-item-title" itemprop="name">50g Dipp Chakalaka  - Scharf und authentisch</h2></a><div class="product-item-info-box"><div class="product-item-price no-stock-level"><div itemscope="" itemprop="offers" itemtype="http://schema.org/Offer"><meta itemprop="url" content="/p/50g-dipp-chakalaka-scharf-und-authentisch"><meta itemprop="price" content="2.5"><meta itemprop="priceCurrency" content="EUR"><link itemprop="itemCondition" href="http://schema.org/NewCondition"></div><span class="product-item-price-reference">(1 kg = 50,00 €)</span><h3 class="product-item-price-new">2,50 €</h3></div></div></div></div><div class="swiper-slide product-item-list-swiper-slide" style="width: 220px; margin-right: 30px;"><div class="product-item" itemscope="" itemtype="http://schema.org/Product"><meta itemprop="sku" content="2016364"><meta itemprop="gtin13" content="4260355397194"><meta itemprop="image" content="/storage/images/image?remote=https%3A%2F%2Fmadavanilla.de%2FWebRoot%2FStore7%2FShops%2F6390bf67-3db7-4989-81d2-fd1d1df38751%2F5717%2F4999%2F2EC0%2FAA92%2F0F07%2F0A48%2F3521%2F43DF%2FQuarkgruen.JPG&amp;shop=6390bf67-3db7-4989-81d2-fd1d1df38751&amp;width=600&amp;height=2560"><a itemprop="url" class="product-item-link" href="/p/50g-quarkgewuerz-kraeuterquark"><div class="product-item-image-container"><img class="lazyload product-item-image" data-src="/storage/images/image?remote=https%3A%2F%2Fmadavanilla.de%2FWebRoot%2FStore7%2FShops%2F6390bf67-3db7-4989-81d2-fd1d1df38751%2F5717%2F4999%2F2EC0%2FAA92%2F0F07%2F0A48%2F3521%2F43DF%2FQuarkgruen.JPG&amp;shop=6390bf67-3db7-4989-81d2-fd1d1df38751&amp;width={width}&amp;height=2560" data-sizes="auto" alt="50g Quarkgewürz Kräuterquark" decoding="async" width="1080" height="1080"><noscript></noscript></div><h2 class="product-item-title" itemprop="name">50g Quarkgewürz Kräuterquark</h2></a><div class="product-item-info-box"><div class="product-item-price no-stock-level"><div itemscope="" itemprop="offers" itemtype="http://schema.org/Offer"><meta itemprop="url" content="/p/50g-quarkgewuerz-kraeuterquark"><meta itemprop="price" content="2.5"><meta itemprop="priceCurrency" content="EUR"><link itemprop="itemCondition" href="http://schema.org/NewCondition"></div><span class="product-item-price-reference">(1 kg = 50,00 €)</span><h3 class="product-item-price-new">2,50 €</h3></div></div></div></div><div class="swiper-slide product-item-list-swiper-slide" style="width: 220px; margin-right: 30px;"><div class="product-item" itemscope="" itemtype="http://schema.org/Product"><meta itemprop="sku" content="2017557"><meta itemprop="gtin13" content="4260355398122"><meta itemprop="image" content="/storage/images/image?remote=https%3A%2F%2Fmadavanilla.de%2FWebRoot%2FStore7%2FShops%2F6390bf67-3db7-4989-81d2-fd1d1df38751%2F5881%2FBB0D%2F0DB9%2F5363%2F237A%2F0A48%2F3521%2F60AC%2FIndiansummer.jpg&amp;shop=6390bf67-3db7-4989-81d2-fd1d1df38751&amp;width=600&amp;height=2560"><a itemprop="url" class="product-item-link" href="/p/50g-dipp-indian-summer"><div class="product-item-image-container"><img class="lazyload product-item-image" data-src="/storage/images/image?remote=https%3A%2F%2Fmadavanilla.de%2FWebRoot%2FStore7%2FShops%2F6390bf67-3db7-4989-81d2-fd1d1df38751%2F5881%2FBB0D%2F0DB9%2F5363%2F237A%2F0A48%2F3521%2F60AC%2FIndiansummer.jpg&amp;shop=6390bf67-3db7-4989-81d2-fd1d1df38751&amp;width={width}&amp;height=2560" data-sizes="auto" alt="50g Dipp Indian Summer" decoding="async" width="1080" height="1080"><noscript></noscript></div><h2 class="product-item-title" itemprop="name">50g Dipp Indian Summer</h2></a><div class="product-item-info-box"><div class="product-item-price no-stock-level"><div itemscope="" itemprop="offers" itemtype="http://schema.org/Offer"><meta itemprop="url" content="/p/50g-dipp-indian-summer"><meta itemprop="price" content="2.5"><meta itemprop="priceCurrency" content="EUR"><link itemprop="itemCondition" href="http://schema.org/NewCondition"></div><span class="product-item-price-reference">(1 kg = 50,00 €)</span><h3 class="product-item-price-new">2,50 €</h3></div></div></div></div><div class="swiper-slide product-item-list-swiper-slide" style="width: 220px; margin-right: 30px;"><div class="product-item" itemscope="" itemtype="http://schema.org/Product"><meta itemprop="sku" content="20201526"><meta itemprop="gtin13" content="4260588742983"><meta itemprop="image" content="/storage/images/image?remote=https%3A%2F%2Fmadavanilla.de%2FWebRoot%2FStore7%2FShops%2F6390bf67-3db7-4989-81d2-fd1d1df38751%2F5E3A%2F8945%2F4A98%2FBEB8%2F79B5%2F0A48%2F3521%2FD128%2FBarbecuepesto.JPG&amp;shop=6390bf67-3db7-4989-81d2-fd1d1df38751&amp;width=600&amp;height=2560"><a itemprop="url" class="product-item-link" href="/p/50g-bruschetta-barbecue-bbq"><div class="product-item-image-container"><img class="lazyload product-item-image" data-src="/storage/images/image?remote=https%3A%2F%2Fmadavanilla.de%2FWebRoot%2FStore7%2FShops%2F6390bf67-3db7-4989-81d2-fd1d1df38751%2F5E3A%2F8945%2F4A98%2FBEB8%2F79B5%2F0A48%2F3521%2FD128%2FBarbecuepesto.JPG&amp;shop=6390bf67-3db7-4989-81d2-fd1d1df38751&amp;width={width}&amp;height=2560" data-sizes="auto" alt="50g Bruschetta Barbecue BBQ" decoding="async" width="864" height="1080"><noscript></noscript></div><h2 class="product-item-title" itemprop="name">50g Bruschetta Barbecue BBQ</h2></a><div class="product-item-info-box"><div class="product-item-price no-stock-level"><div itemscope="" itemprop="offers" itemtype="http://schema.org/Offer"><meta itemprop="url" content="/p/50g-bruschetta-barbecue-bbq"><meta itemprop="price" content="2.5"><meta itemprop="priceCurrency" content="EUR"><link itemprop="itemCondition" href="http://schema.org/NewCondition"></div><span class="product-item-price-reference">(1 kg = 50,00 €)</span><h3 class="product-item-price-new">2,50 €</h3></div></div></div></div><div class="swiper-slide product-item-list-swiper-slide" style="width: 220px; margin-right: 30px;"><div class="product-item" itemscope="" itemtype="http://schema.org/Product"><meta itemprop="sku" content="20212532"><meta itemprop="gtin13" content="4260588745786"><meta itemprop="image" content="/storage/images/image?remote=https%3A%2F%2Fmadavanilla.de%2FWebRoot%2FStore7%2FShops%2F6390bf67-3db7-4989-81d2-fd1d1df38751%2F617E%2F8CB5%2FFAB5%2F6B46%2F96DB%2F0A48%2F352C%2FB3B2%2FParisbio.JPG&amp;shop=6390bf67-3db7-4989-81d2-fd1d1df38751&amp;width=600&amp;height=2560"><a itemprop="url" class="product-item-link" href="/p/50g-bio-cafe-de-paris-kraeuterdip-gelb-de-oeko-005"><div class="product-item-image-container"><img class="lazyload product-item-image" data-src="/storage/images/image?remote=https%3A%2F%2Fmadavanilla.de%2FWebRoot%2FStore7%2FShops%2F6390bf67-3db7-4989-81d2-fd1d1df38751%2F617E%2F8CB5%2FFAB5%2F6B46%2F96DB%2F0A48%2F352C%2FB3B2%2FParisbio.JPG&amp;shop=6390bf67-3db7-4989-81d2-fd1d1df38751&amp;width={width}&amp;height=2560" data-sizes="auto" alt="50g Bio Café de Paris - Kräuterdip - gelb - DE-ÖKO-005" decoding="async" width="864" height="1080"><noscript></noscript></div><h2 class="product-item-title" itemprop="name">50g Bio Café de Paris - Kräuterdip - gelb - DE-ÖKO-005</h2></a><div class="product-item-info-box"><div class="product-item-price no-stock-level"><div itemscope="" itemprop="offers" itemtype="http://schema.org/Offer"><meta itemprop="url" content="/p/50g-bio-cafe-de-paris-kraeuterdip-gelb-de-oeko-005"><meta itemprop="price" content="3"><meta itemprop="priceCurrency" content="EUR"><link itemprop="itemCondition" href="http://schema.org/NewCondition"></div><span class="product-item-price-reference">(1 kg = 60,00 €)</span><h3 class="product-item-price-new">3,00 €</h3></div></div></div></div><div class="swiper-slide product-item-list-swiper-slide" style="width: 220px; margin-right: 30px;"><div class="product-item" itemscope="" itemtype="http://schema.org/Product"><meta itemprop="sku" content="278"><meta itemprop="image" content="/storage/images/image?remote=https%3A%2F%2Fmadavanilla.de%2FWebRoot%2FStore7%2FShops%2F6390bf67-3db7-4989-81d2-fd1d1df38751%2F61EF%2FA395%2F9BE9%2FEF7F%2FBB46%2F0A48%2F352B%2F0331%2F131122059422.png&amp;shop=6390bf67-3db7-4989-81d2-fd1d1df38751&amp;width=600&amp;height=2560"><a itemprop="url" class="product-item-link" href="/p/25g-cafe-de-paris-kraeuterbutter-gewuerzzubereitung-gruen"><div class="product-item-image-container"><img class="lazyload product-item-image" data-src="/storage/images/image?remote=https%3A%2F%2Fmadavanilla.de%2FWebRoot%2FStore7%2FShops%2F6390bf67-3db7-4989-81d2-fd1d1df38751%2F61EF%2FA395%2F9BE9%2FEF7F%2FBB46%2F0A48%2F352B%2F0331%2F131122059422.png&amp;shop=6390bf67-3db7-4989-81d2-fd1d1df38751&amp;width={width}&amp;height=2560" data-sizes="auto" alt="25g Café de Paris - Kräuterbutter Gewürzzubereitung - GRÜN" decoding="async" width="200" height="200"><noscript></noscript></div><h2 class="product-item-title" itemprop="name">25g Café de Paris - Kräuterbutter Gewürzzubereitung - GRÜN</h2></a><div class="product-item-info-box"><div class="product-item-price no-stock-level"><div itemscope="" itemprop="offers" itemtype="http://schema.org/Offer"><meta itemprop="url" content="/p/25g-cafe-de-paris-kraeuterbutter-gewuerzzubereitung-gruen"><meta itemprop="price" content="2.5"><meta itemprop="priceCurrency" content="EUR"><link itemprop="itemCondition" href="http://schema.org/NewCondition"></div><span class="product-item-price-reference">(1 kg = 100,00 €)</span><h3 class="product-item-price-new">2,50 €</h3></div></div></div></div><div class="swiper-slide product-item-list-swiper-slide" style="width: 220px; margin-right: 30px;"><div class="product-item" itemscope="" itemtype="http://schema.org/Product"><meta itemprop="sku" content="613"><meta itemprop="image" content="/storage/images/image?remote=https%3A%2F%2Fmadavanilla.de%2FWebRoot%2FStore7%2FShops%2F6390bf67-3db7-4989-81d2-fd1d1df38751%2F61EF%2FA438%2FE259%2F9460%2FF89F%2F0A48%2F352B%2F037A%2FDipp-Italian-Cheese.JPG&amp;shop=6390bf67-3db7-4989-81d2-fd1d1df38751&amp;width=600&amp;height=2560"><a itemprop="url" class="product-item-link" href="/p/50g-dipp-italian-cheese"><div class="product-item-image-container"><img class="lazyload product-item-image" data-src="/storage/images/image?remote=https%3A%2F%2Fmadavanilla.de%2FWebRoot%2FStore7%2FShops%2F6390bf67-3db7-4989-81d2-fd1d1df38751%2F61EF%2FA438%2FE259%2F9460%2FF89F%2F0A48%2F352B%2F037A%2FDipp-Italian-Cheese.JPG&amp;shop=6390bf67-3db7-4989-81d2-fd1d1df38751&amp;width={width}&amp;height=2560" data-sizes="auto" alt="50g Dipp Italian Cheese" decoding="async" width="1080" height="1080"><noscript></noscript></div><h2 class="product-item-title" itemprop="name">50g Dipp Italian Cheese</h2></a><div class="product-item-info-box"><div class="product-item-price no-stock-level"><div itemscope="" itemprop="offers" itemtype="http://schema.org/Offer"><meta itemprop="url" content="/p/50g-dipp-italian-cheese"><meta itemprop="price" content="2.5"><meta itemprop="priceCurrency" content="EUR"><link itemprop="itemCondition" href="http://schema.org/NewCondition"></div><span class="product-item-price-reference">(1 kg = 50,00 €)</span><h3 class="product-item-price-new">2,50 €</h3></div></div></div></div><div class="swiper-slide product-item-list-swiper-slide" style="width: 220px; margin-right: 30px;"><div class="product-item" itemscope="" itemtype="http://schema.org/Product"><meta itemprop="sku" content="20191214"><meta itemprop="gtin13" content="4260588741252"><meta itemprop="image" content="/storage/images/image?remote=https%3A%2F%2Fmadavanilla.de%2FWebRoot%2FStore7%2FShops%2F6390bf67-3db7-4989-81d2-fd1d1df38751%2F5C50%2F380B%2FD2D1%2F339F%2F66F1%2F0A48%2F3521%2FD316%2FMojorojo.JPG&amp;shop=6390bf67-3db7-4989-81d2-fd1d1df38751&amp;width=600&amp;height=2560"><a itemprop="url" class="product-item-link" href="/p/50g-mojo-rojo-picon-dip"><div class="product-item-image-container"><img class="lazyload product-item-image" data-src="/storage/images/image?remote=https%3A%2F%2Fmadavanilla.de%2FWebRoot%2FStore7%2FShops%2F6390bf67-3db7-4989-81d2-fd1d1df38751%2F5C50%2F380B%2FD2D1%2F339F%2F66F1%2F0A48%2F3521%2FD316%2FMojorojo.JPG&amp;shop=6390bf67-3db7-4989-81d2-fd1d1df38751&amp;width={width}&amp;height=2560" data-sizes="auto" alt="50g Mojo-Rojo-Picon Dip" decoding="async" width="864" height="1080"><noscript></noscript></div><h2 class="product-item-title" itemprop="name">50g Mojo-Rojo-Picon Dip</h2></a><div class="product-item-info-box"><div class="product-item-price no-stock-level"><div itemscope="" itemprop="offers" itemtype="http://schema.org/Offer"><meta itemprop="url" content="/p/50g-mojo-rojo-picon-dip"><meta itemprop="price" content="2.5"><meta itemprop="priceCurrency" content="EUR"><link itemprop="itemCondition" href="http://schema.org/NewCondition"></div><span class="product-item-price-reference">(1 kg = 50,00 €)</span><h3 class="product-item-price-new">2,50 €</h3></div></div></div></div><div class="swiper-slide product-item-list-swiper-slide" style="width: 220px; margin-right: 30px;"><div class="product-item" itemscope="" itemtype="http://schema.org/Product"><meta itemprop="sku" content="276"><meta itemprop="image" content="/storage/images/image?remote=https%3A%2F%2Fmadavanilla.de%2FWebRoot%2FStore7%2FShops%2F6390bf67-3db7-4989-81d2-fd1d1df38751%2F61EF%2FA393%2FC187%2F6484%2F1C08%2F0A48%2F352B%2F03FE%2FBruschetta-Tomate.JPG&amp;shop=6390bf67-3db7-4989-81d2-fd1d1df38751&amp;width=600&amp;height=2560"><a itemprop="url" class="product-item-link" href="/p/50g-bruschetta-tomaten-klassik-gewuerzzubereitung"><div class="product-item-image-container"><img class="lazyload product-item-image" data-src="/storage/images/image?remote=https%3A%2F%2Fmadavanilla.de%2FWebRoot%2FStore7%2FShops%2F6390bf67-3db7-4989-81d2-fd1d1df38751%2F61EF%2FA393%2FC187%2F6484%2F1C08%2F0A48%2F352B%2F03FE%2FBruschetta-Tomate.JPG&amp;shop=6390bf67-3db7-4989-81d2-fd1d1df38751&amp;width={width}&amp;height=2560" data-sizes="auto" alt="50g Bruschetta Tomaten (Klassik) - Gewürzzubereitung" decoding="async" width="1080" height="1080"><noscript></noscript></div><h2 class="product-item-title" itemprop="name">50g Bruschetta Tomaten (Klassik) - Gewürzzubereitung</h2></a><div class="product-item-info-box"><div class="product-item-price no-stock-level"><div itemscope="" itemprop="offers" itemtype="http://schema.org/Offer"><meta itemprop="url" content="/p/50g-bruschetta-tomaten-klassik-gewuerzzubereitung"><meta itemprop="price" content="2.5"><meta itemprop="priceCurrency" content="EUR"><link itemprop="itemCondition" href="http://schema.org/NewCondition"></div><span class="product-item-price-reference">(1 kg = 50,00 €)</span><h3 class="product-item-price-new">2,50 €</h3></div></div></div></div><div class="swiper-slide product-item-list-swiper-slide product-item-list-items empty-product" style="width: 220px; margin-right: 30px;"></div><div class="swiper-slide product-item-list-swiper-slide product-item-list-items empty-product" style="width: 220px; margin-right: 30px;"></div><div class="swiper-slide product-item-list-swiper-slide product-item-list-items empty-product" style="width: 220px; margin-right: 30px;"></div><div class="swiper-slide product-item-list-swiper-slide product-item-list-items empty-product" style="width: 220px; margin-right: 30px;"></div></div><span class="swiper-notification" aria-live="assertive" aria-atomic="true"></span></div><div class="swiper-arrows grid-col-s"><div class="swiper-arrow-right" tabindex="0" role="button" aria-label="Next slide" aria-controls="swiper-wrapper-36e3910466c5efe22" aria-disabled="false"></div><div class="swiper-arrow-left swiper-button-disabled" tabindex="-1" role="button" aria-label="Previous slide" aria-controls="swiper-wrapper-36e3910466c5efe22" aria-disabled="true"></div></div></div></div></div></div></div></div></div></div><div id="block-746bc8fb-c507-49c6-a0ae-9229cf750895" data-testid="block-746bc8fb-c507-49c6-a0ae-9229cf750895" class="dali-block" data-block-type="epages.productslider" style="background-color:transparent;background-origin:border-box"><div class="dali-grid-row"><div class="dali-grid-column"><div class="dali-grid-element"><div class="dali-grid-element-wrapper"><div class="dali-plugin-text"><div class="dali-plugin-text-content"><h2>Mehr als 50 Pfeffer Sorten aus der ganzen Welt u.a.</h2></div></div></div></div><div><div class="dali-grid-element"><div class="dali-grid-element-wrapper"><div class="product-slider"><div style="--slide-width: 220px;"><div class="swiper-container swiper-container-initialized swiper-container-horizontal swiper-container-pointer-events" style="cursor: grab;"><div class="swiper-wrapper product-item-list grid-col-s" id="swiper-wrapper-c33f1641045b1a77e" aria-live="polite" style="transform: translate3d(0px, 0px, 0px);"><div class="swiper-slide product-item-list-swiper-slide swiper-slide-active" style="width: 220px; margin-right: 30px;"><div class="product-item" itemscope="" itemtype="http://schema.org/Product"><meta itemprop="sku" content="1306"><meta itemprop="image" content="/storage/images/image?remote=https%3A%2F%2Fmadavanilla.de%2FWebRoot%2FStore7%2FShops%2F6390bf67-3db7-4989-81d2-fd1d1df38751%2F61EF%2F9FA2%2F5432%2FB5DC%2F5CAB%2F0A48%2F352B%2F0359%2F224708338633.jpeg&amp;shop=6390bf67-3db7-4989-81d2-fd1d1df38751&amp;width=600&amp;height=2560"><a itemprop="url" class="product-item-link" href="/p/50g-pfeffer-weiss-aus-madagaskar-feinkostpfeffer-weiss-feinkost-pfeffer-weiss-ganz"><div class="product-item-image-container"><img class="lazyload product-item-image" data-src="/storage/images/image?remote=https%3A%2F%2Fmadavanilla.de%2FWebRoot%2FStore7%2FShops%2F6390bf67-3db7-4989-81d2-fd1d1df38751%2F61EF%2F9FA2%2F5432%2FB5DC%2F5CAB%2F0A48%2F352B%2F0359%2F224708338633.jpeg&amp;shop=6390bf67-3db7-4989-81d2-fd1d1df38751&amp;width={width}&amp;height=2560" data-sizes="auto" alt="50g Pfeffer weiß aus Madagaskar - Feinkostpfeffer weiß - Feinkost Pfeffer weiß - GANZ" decoding="async" width="300" height="300"><noscript></noscript></div><h2 class="product-item-title" itemprop="name">50g Pfeffer weiß aus Madagaskar - Feinkostpfeffer weiß - Feinkost Pfeffer weiß - GANZ</h2></a><div class="product-item-info-box"><div class="product-item-price no-stock-level"><div itemscope="" itemprop="offers" itemtype="http://schema.org/Offer"><meta itemprop="url" content="/p/50g-pfeffer-weiss-aus-madagaskar-feinkostpfeffer-weiss-feinkost-pfeffer-weiss-ganz"><meta itemprop="price" content="3.99"><meta itemprop="priceCurrency" content="EUR"><link itemprop="itemCondition" href="http://schema.org/NewCondition"></div><span class="product-item-price-reference">(1 kg = 79,80 €)</span><h3 class="product-item-price-new">3,99 €</h3></div></div></div></div><div class="swiper-slide product-item-list-swiper-slide swiper-slide-next" style="width: 220px; margin-right: 30px;"><div class="product-item" itemscope="" itemtype="http://schema.org/Product"><meta itemprop="sku" content="173"><meta itemprop="image" content="/storage/images/image?remote=https%3A%2F%2Fmadavanilla.de%2FWebRoot%2FStore7%2FShops%2F6390bf67-3db7-4989-81d2-fd1d1df38751%2F61EF%2FA063%2F657B%2F8C26%2FEE23%2F0A48%2F352B%2F0394%2FPfeffer-Lang.JPG&amp;shop=6390bf67-3db7-4989-81d2-fd1d1df38751&amp;width=600&amp;height=2560"><a itemprop="url" class="product-item-link" href="/p/35g-pfeffer-lang"><div class="product-item-image-container"><img class="lazyload product-item-image" data-src="/storage/images/image?remote=https%3A%2F%2Fmadavanilla.de%2FWebRoot%2FStore7%2FShops%2F6390bf67-3db7-4989-81d2-fd1d1df38751%2F61EF%2FA063%2F657B%2F8C26%2FEE23%2F0A48%2F352B%2F0394%2FPfeffer-Lang.JPG&amp;shop=6390bf67-3db7-4989-81d2-fd1d1df38751&amp;width={width}&amp;height=2560" data-sizes="auto" alt="35g Pfeffer lang" decoding="async" width="1080" height="1080"><noscript></noscript></div><h2 class="product-item-title" itemprop="name">35g Pfeffer lang</h2></a><div class="product-item-info-box"><div class="product-item-price no-stock-level"><div itemscope="" itemprop="offers" itemtype="http://schema.org/Offer"><meta itemprop="url" content="/p/35g-pfeffer-lang"><meta itemprop="price" content="3"><meta itemprop="priceCurrency" content="EUR"><link itemprop="itemCondition" href="http://schema.org/NewCondition"></div><span class="product-item-price-reference">(1 kg = 85,71 €)</span><h3 class="product-item-price-new">3,00 €</h3></div></div></div></div><div class="swiper-slide product-item-list-swiper-slide" style="width: 220px; margin-right: 30px;"><div class="product-item" itemscope="" itemtype="http://schema.org/Product"><meta itemprop="sku" content="142"><meta itemprop="image" content="/storage/images/image?remote=https%3A%2F%2Fmadavanilla.de%2FWebRoot%2FStore7%2FShops%2F6390bf67-3db7-4989-81d2-fd1d1df38751%2F61EF%2F9FD2%2FECE9%2F0D8F%2F7DAF%2F0A48%2F352B%2F0338%2FKubeben-Pfeffer.JPG&amp;shop=6390bf67-3db7-4989-81d2-fd1d1df38751&amp;width=600&amp;height=2560"><a itemprop="url" class="product-item-link" href="/p/50g-kubeben-pfeffer-ganz"><div class="product-item-image-container"><img class="lazyload product-item-image" data-src="/storage/images/image?remote=https%3A%2F%2Fmadavanilla.de%2FWebRoot%2FStore7%2FShops%2F6390bf67-3db7-4989-81d2-fd1d1df38751%2F61EF%2F9FD2%2FECE9%2F0D8F%2F7DAF%2F0A48%2F352B%2F0338%2FKubeben-Pfeffer.JPG&amp;shop=6390bf67-3db7-4989-81d2-fd1d1df38751&amp;width={width}&amp;height=2560" data-sizes="auto" alt="50g Kubeben Pfeffer - ganz" decoding="async" width="1080" height="1080"><noscript></noscript></div><h2 class="product-item-title" itemprop="name">50g Kubeben Pfeffer - ganz</h2></a><div class="product-item-info-box"><div class="product-item-price no-stock-level"><div itemscope="" itemprop="offers" itemtype="http://schema.org/Offer"><meta itemprop="url" content="/p/50g-kubeben-pfeffer-ganz"><meta itemprop="price" content="4"><meta itemprop="priceCurrency" content="EUR"><link itemprop="itemCondition" href="http://schema.org/NewCondition"></div><span class="product-item-price-reference">(1 kg = 80,00 €)</span><h3 class="product-item-price-new">4,00 €</h3></div></div></div></div><div class="swiper-slide product-item-list-swiper-slide" style="width: 220px; margin-right: 30px;"><div class="product-item" itemscope="" itemtype="http://schema.org/Product"><meta itemprop="sku" content="1949"><meta itemprop="image" content="/storage/images/image?remote=https%3A%2F%2Fmadavanilla.de%2FWebRoot%2FStore7%2FShops%2F6390bf67-3db7-4989-81d2-fd1d1df38751%2F61EF%2FA0DA%2F9936%2F7575%2FCD25%2F0A48%2F352B%2F03B1%2FIMG-4756.JPG&amp;shop=6390bf67-3db7-4989-81d2-fd1d1df38751&amp;width=600&amp;height=2560"><a itemprop="url" class="product-item-link" href="/p/50g-pfeffer-lampong-aus-indonesien"><div class="product-item-image-container"><img class="lazyload product-item-image" data-src="/storage/images/image?remote=https%3A%2F%2Fmadavanilla.de%2FWebRoot%2FStore7%2FShops%2F6390bf67-3db7-4989-81d2-fd1d1df38751%2F61EF%2FA0DA%2F9936%2F7575%2FCD25%2F0A48%2F352B%2F03B1%2FIMG-4756.JPG&amp;shop=6390bf67-3db7-4989-81d2-fd1d1df38751&amp;width={width}&amp;height=2560" data-sizes="auto" alt="50g Pfeffer Lampong - aus Indonesien" decoding="async" width="1080" height="1080"><noscript></noscript></div><h2 class="product-item-title" itemprop="name">50g Pfeffer Lampong - aus Indonesien</h2></a><div class="product-item-info-box"><div class="product-item-price no-stock-level"><div itemscope="" itemprop="offers" itemtype="http://schema.org/Offer"><meta itemprop="url" content="/p/50g-pfeffer-lampong-aus-indonesien"><meta itemprop="price" content="3.5"><meta itemprop="priceCurrency" content="EUR"><link itemprop="itemCondition" href="http://schema.org/NewCondition"></div><span class="product-item-price-reference">(1 kg = 70,00 €)</span><h3 class="product-item-price-new">3,50 €</h3></div></div></div></div><div class="swiper-slide product-item-list-swiper-slide" style="width: 220px; margin-right: 30px;"><div class="product-item" itemscope="" itemtype="http://schema.org/Product"><meta itemprop="sku" content="2016465"><meta itemprop="gtin13" content="4260355397750"><meta itemprop="image" content="/storage/images/image?remote=https%3A%2F%2Fmadavanilla.de%2FWebRoot%2FStore7%2FShops%2F6390bf67-3db7-4989-81d2-fd1d1df38751%2F57FE%2F1E20%2F208A%2FE3CB%2F8C09%2F0A48%2F352B%2FACC9%2FWhisky.JPG&amp;shop=6390bf67-3db7-4989-81d2-fd1d1df38751&amp;width=600&amp;height=2560"><a itemprop="url" class="product-item-link" href="/p/30g-whisky-pfeffer"><div class="product-item-image-container"><img class="lazyload product-item-image" data-src="/storage/images/image?remote=https%3A%2F%2Fmadavanilla.de%2FWebRoot%2FStore7%2FShops%2F6390bf67-3db7-4989-81d2-fd1d1df38751%2F57FE%2F1E20%2F208A%2FE3CB%2F8C09%2F0A48%2F352B%2FACC9%2FWhisky.JPG&amp;shop=6390bf67-3db7-4989-81d2-fd1d1df38751&amp;width={width}&amp;height=2560" data-sizes="auto" alt="30g Whisky Pfeffer" decoding="async" width="1080" height="1080"><noscript></noscript></div><h2 class="product-item-title" itemprop="name">30g Whisky Pfeffer</h2></a><div class="product-item-info-box"><div class="product-item-price no-stock-level"><div itemscope="" itemprop="offers" itemtype="http://schema.org/Offer"><meta itemprop="url" content="/p/30g-whisky-pfeffer"><meta itemprop="price" content="3.5"><meta itemprop="priceCurrency" content="EUR"><link itemprop="itemCondition" href="http://schema.org/NewCondition"></div><span class="product-item-price-reference">(1 kg = 116,67 €)</span><h3 class="product-item-price-new">3,50 €</h3></div></div></div></div><div class="swiper-slide product-item-list-swiper-slide" style="width: 220px; margin-right: 30px;"><div class="product-item" itemscope="" itemtype="http://schema.org/Product"><meta itemprop="sku" content="2018885"><meta itemprop="gtin13" content="4260355399525"><meta itemprop="image" content="/storage/images/image?remote=https%3A%2F%2Fmadavanilla.de%2FWebRoot%2FStore7%2FShops%2F6390bf67-3db7-4989-81d2-fd1d1df38751%2F5A79%2F9A58%2FEBD1%2F7084%2FA0CE%2F0A48%2F3521%2F9D71%2FTellycherry-pfeffer.jpg&amp;shop=6390bf67-3db7-4989-81d2-fd1d1df38751&amp;width=600&amp;height=2560"><a itemprop="url" class="product-item-link" href="/p/50g-bio-tiger-pfeffer-de-oeko-005-malabar-pfeffer"><div class="product-item-image-container"><img class="lazyload product-item-image" data-src="/storage/images/image?remote=https%3A%2F%2Fmadavanilla.de%2FWebRoot%2FStore7%2FShops%2F6390bf67-3db7-4989-81d2-fd1d1df38751%2F5A79%2F9A58%2FEBD1%2F7084%2FA0CE%2F0A48%2F3521%2F9D71%2FTellycherry-pfeffer.jpg&amp;shop=6390bf67-3db7-4989-81d2-fd1d1df38751&amp;width={width}&amp;height=2560" data-sizes="auto" alt="50g Bio Tiger Pfeffer - DE-ÖKO-005 - Malabar Pfeffer" decoding="async" width="500" height="375"><noscript></noscript></div><h2 class="product-item-title" itemprop="name">50g Bio Tiger Pfeffer - DE-ÖKO-005 - Malabar Pfeffer</h2></a><div class="product-item-info-box"><div class="product-item-price no-stock-level"><div itemscope="" itemprop="offers" itemtype="http://schema.org/Offer"><meta itemprop="url" content="/p/50g-bio-tiger-pfeffer-de-oeko-005-malabar-pfeffer"><meta itemprop="price" content="3.5"><meta itemprop="priceCurrency" content="EUR"><link itemprop="itemCondition" href="http://schema.org/NewCondition"></div><span class="product-item-price-reference">(1 kg = 70,00 €)</span><h3 class="product-item-price-new">3,50 €</h3></div></div></div></div><div class="swiper-slide product-item-list-swiper-slide" style="width: 220px; margin-right: 30px;"><div class="product-item" itemscope="" itemtype="http://schema.org/Product"><meta itemprop="sku" content="7"><meta itemprop="gtin13" content="4260256094055"><meta itemprop="image" content="/storage/images/image?remote=https%3A%2F%2Fmadavanilla.de%2FWebRoot%2FStore7%2FShops%2F6390bf67-3db7-4989-81d2-fd1d1df38751%2F61EF%2FA455%2FF2D8%2F7ED9%2F30F1%2F0A48%2F352B%2F0323%2Ftimut.jpg&amp;shop=6390bf67-3db7-4989-81d2-fd1d1df38751&amp;width=600&amp;height=2560"><a itemprop="url" class="product-item-link" href="/p/50g-timut-pfeffer-szechuan-pfeffer-andamalin-pfeffer"><div class="product-item-image-container"><img class="lazyload product-item-image" data-src="/storage/images/image?remote=https%3A%2F%2Fmadavanilla.de%2FWebRoot%2FStore7%2FShops%2F6390bf67-3db7-4989-81d2-fd1d1df38751%2F61EF%2FA455%2FF2D8%2F7ED9%2F30F1%2F0A48%2F352B%2F0323%2Ftimut.jpg&amp;shop=6390bf67-3db7-4989-81d2-fd1d1df38751&amp;width={width}&amp;height=2560" data-sizes="auto" alt="50g TIMUT Pfeffer -  Szechuan Pfeffer - Andamalin Pfeffer" decoding="async" width="864" height="1080"><noscript></noscript></div><h2 class="product-item-title" itemprop="name">50g TIMUT Pfeffer -  Szechuan Pfeffer - Andamalin Pfeffer</h2></a><div class="product-item-info-box"><div class="product-item-price no-stock-level"><div itemscope="" itemprop="offers" itemtype="http://schema.org/Offer"><meta itemprop="url" content="/p/50g-timut-pfeffer-szechuan-pfeffer-andamalin-pfeffer"><meta itemprop="price" content="3"><meta itemprop="priceCurrency" content="EUR"><link itemprop="itemCondition" href="http://schema.org/NewCondition"></div><span class="product-item-price-reference">(1 kg = 60,00 €)</span><h3 class="product-item-price-new">3,00 €</h3></div></div></div></div><div class="swiper-slide product-item-list-swiper-slide" style="width: 220px; margin-right: 30px;"><div class="product-item" itemscope="" itemtype="http://schema.org/Product"><meta itemprop="sku" content="976"><meta itemprop="image" content="/storage/images/image?remote=https%3A%2F%2Fmadavanilla.de%2FWebRoot%2FStore7%2FShops%2F6390bf67-3db7-4989-81d2-fd1d1df38751%2F61EF%2FA4ED%2F73F5%2F0536%2FD50F%2F0A48%2F352B%2F03A4%2FRoter-Pfeffer.JPG&amp;shop=6390bf67-3db7-4989-81d2-fd1d1df38751&amp;width=600&amp;height=2560"><a itemprop="url" class="product-item-link" href="/p/50g-roter-kampot-pfeffer"><div class="product-item-image-container"><img class="lazyload product-item-image" data-src="/storage/images/image?remote=https%3A%2F%2Fmadavanilla.de%2FWebRoot%2FStore7%2FShops%2F6390bf67-3db7-4989-81d2-fd1d1df38751%2F61EF%2FA4ED%2F73F5%2F0536%2FD50F%2F0A48%2F352B%2F03A4%2FRoter-Pfeffer.JPG&amp;shop=6390bf67-3db7-4989-81d2-fd1d1df38751&amp;width={width}&amp;height=2560" data-sizes="auto" alt="50g Roter Kampot Pfeffer" decoding="async" width="1080" height="1080"><noscript></noscript></div><h2 class="product-item-title" itemprop="name">50g Roter Kampot Pfeffer</h2></a><div class="product-item-info-box"><div class="product-item-price no-stock-level"><div itemscope="" itemprop="offers" itemtype="http://schema.org/Offer"><meta itemprop="url" content="/p/50g-roter-kampot-pfeffer"><meta itemprop="price" content="4.9"><meta itemprop="priceCurrency" content="EUR"><link itemprop="itemCondition" href="http://schema.org/NewCondition"></div><span class="product-item-price-reference">(1 kg = 98,00 €)</span><h3 class="product-item-price-new">4,90 €</h3></div></div></div></div><div class="swiper-slide product-item-list-swiper-slide" style="width: 220px; margin-right: 30px;"><div class="product-item" itemscope="" itemtype="http://schema.org/Product"><meta itemprop="sku" content="1581"><meta itemprop="image" content="/storage/images/image?remote=https%3A%2F%2Fmadavanilla.de%2FWebRoot%2FStore7%2FShops%2F6390bf67-3db7-4989-81d2-fd1d1df38751%2F61EF%2FA02A%2FBBF1%2F443C%2F2EAE%2F0A48%2F352B%2F03D0%2FRosa-Beeren.JPG&amp;shop=6390bf67-3db7-4989-81d2-fd1d1df38751&amp;width=600&amp;height=2560"><a itemprop="url" class="product-item-link" href="/p/30g-bio-rosa-beeren-aus-madagaskar-de-oeko-005"><div class="product-item-image-container"><img class="lazyload product-item-image" data-src="/storage/images/image?remote=https%3A%2F%2Fmadavanilla.de%2FWebRoot%2FStore7%2FShops%2F6390bf67-3db7-4989-81d2-fd1d1df38751%2F61EF%2FA02A%2FBBF1%2F443C%2F2EAE%2F0A48%2F352B%2F03D0%2FRosa-Beeren.JPG&amp;shop=6390bf67-3db7-4989-81d2-fd1d1df38751&amp;width={width}&amp;height=2560" data-sizes="auto" alt="30g Bio Rosa Beeren - aus Madagaskar - DE-ÖKO-005" decoding="async" width="1080" height="1080"><noscript></noscript></div><h2 class="product-item-title" itemprop="name">30g Bio Rosa Beeren - aus Madagaskar - DE-ÖKO-005</h2></a><div class="product-item-info-box"><div class="product-item-price no-stock-level"><div itemscope="" itemprop="offers" itemtype="http://schema.org/Offer"><meta itemprop="url" content="/p/30g-bio-rosa-beeren-aus-madagaskar-de-oeko-005"><meta itemprop="price" content="3.5"><meta itemprop="priceCurrency" content="EUR"><link itemprop="itemCondition" href="http://schema.org/NewCondition"></div><span class="product-item-price-reference">(1 kg = 116,67 €)</span><h3 class="product-item-price-new">3,50 €</h3></div></div></div></div><div class="swiper-slide product-item-list-swiper-slide" style="width: 220px; margin-right: 30px;"><div class="product-item" itemscope="" itemtype="http://schema.org/Product"><meta itemprop="sku" content="73"><meta itemprop="image" content="/storage/images/image?remote=https%3A%2F%2Fmadavanilla.de%2FWebRoot%2FStore7%2FShops%2F6390bf67-3db7-4989-81d2-fd1d1df38751%2F61EF%2FA466%2FBB91%2FBE89%2F13E5%2F0A48%2F352B%2F03E8%2FBio-Schwarzer-Pfeffer.JPG&amp;shop=6390bf67-3db7-4989-81d2-fd1d1df38751&amp;width=600&amp;height=2560"><a itemprop="url" class="product-item-link" href="/p/50g-feinkost-pfeffer-schwarz-eigener-anbau-ganz-oma-pfeffer"><div class="product-item-image-container"><img class="lazyload product-item-image" data-src="/storage/images/image?remote=https%3A%2F%2Fmadavanilla.de%2FWebRoot%2FStore7%2FShops%2F6390bf67-3db7-4989-81d2-fd1d1df38751%2F61EF%2FA466%2FBB91%2FBE89%2F13E5%2F0A48%2F352B%2F03E8%2FBio-Schwarzer-Pfeffer.JPG&amp;shop=6390bf67-3db7-4989-81d2-fd1d1df38751&amp;width={width}&amp;height=2560" data-sizes="auto" alt="50g Feinkost Pfeffer schwarz - eigener Anbau - GANZ - OMA Pfeffer" decoding="async" width="1080" height="1080"><noscript></noscript></div><h2 class="product-item-title" itemprop="name">50g Feinkost Pfeffer schwarz - eigener Anbau - GANZ - OMA Pfeffer</h2></a><div class="product-item-info-box"><div class="product-item-price no-stock-level"><div itemscope="" itemprop="offers" itemtype="http://schema.org/Offer"><meta itemprop="url" content="/p/50g-feinkost-pfeffer-schwarz-eigener-anbau-ganz-oma-pfeffer"><meta itemprop="price" content="3.99"><meta itemprop="priceCurrency" content="EUR"><link itemprop="itemCondition" href="http://schema.org/NewCondition"></div><span class="product-item-price-reference">(1 kg = 79,80 €)</span><h3 class="product-item-price-new">3,99 €</h3></div></div></div></div><div class="swiper-slide product-item-list-swiper-slide" style="width: 220px; margin-right: 30px;"><div class="product-item" itemscope="" itemtype="http://schema.org/Product"><meta itemprop="sku" content="1207"><meta itemprop="image" content="/storage/images/image?remote=https%3A%2F%2Fmadavanilla.de%2FWebRoot%2FStore7%2FShops%2F6390bf67-3db7-4989-81d2-fd1d1df38751%2F61EF%2F9F6D%2FF5B3%2F654A%2FAF75%2F0A48%2F352B%2F03AB%2FVoatsirirpfeffer.JPG&amp;shop=6390bf67-3db7-4989-81d2-fd1d1df38751&amp;width=600&amp;height=2560"><a itemprop="url" class="product-item-link" href="/p/35g-voatsiperifery-wilder-urwald-pfeffer-aus-madagaskar-tsiperifery"><div class="product-item-image-container"><img class="lazyload product-item-image" data-src="/storage/images/image?remote=https%3A%2F%2Fmadavanilla.de%2FWebRoot%2FStore7%2FShops%2F6390bf67-3db7-4989-81d2-fd1d1df38751%2F61EF%2F9F6D%2FF5B3%2F654A%2FAF75%2F0A48%2F352B%2F03AB%2FVoatsirirpfeffer.JPG&amp;shop=6390bf67-3db7-4989-81d2-fd1d1df38751&amp;width={width}&amp;height=2560" data-sizes="auto" alt="35g Voatsiperifery - Wilder Urwald Pfeffer aus Madagaskar - Tsiperifery" decoding="async" width="1080" height="1080"><noscript></noscript></div><h2 class="product-item-title" itemprop="name">35g Voatsiperifery - Wilder Urwald Pfeffer aus Madagaskar - Tsiperifery</h2></a><div class="product-item-info-box"><div class="product-item-price no-stock-level"><div itemscope="" itemprop="offers" itemtype="http://schema.org/Offer"><meta itemprop="url" content="/p/35g-voatsiperifery-wilder-urwald-pfeffer-aus-madagaskar-tsiperifery"><meta itemprop="price" content="3.5"><meta itemprop="priceCurrency" content="EUR"><link itemprop="itemCondition" href="http://schema.org/NewCondition"></div><span class="product-item-price-reference">(1 kg = 100,00 €)</span><h3 class="product-item-price-new">3,50 €</h3></div></div></div></div><div class="swiper-slide product-item-list-swiper-slide product-item-list-items empty-product" style="width: 220px; margin-right: 30px;"></div><div class="swiper-slide product-item-list-swiper-slide product-item-list-items empty-product" style="width: 220px; margin-right: 30px;"></div><div class="swiper-slide product-item-list-swiper-slide product-item-list-items empty-product" style="width: 220px; margin-right: 30px;"></div><div class="swiper-slide product-item-list-swiper-slide product-item-list-items empty-product" style="width: 220px; margin-right: 30px;"></div></div><span class="swiper-notification" aria-live="assertive" aria-atomic="true"></span></div><div class="swiper-arrows grid-col-s"><div class="swiper-arrow-right" tabindex="0" role="button" aria-label="Next slide" aria-controls="swiper-wrapper-c33f1641045b1a77e" aria-disabled="false"></div><div class="swiper-arrow-left swiper-button-disabled" tabindex="-1" role="button" aria-label="Previous slide" aria-controls="swiper-wrapper-c33f1641045b1a77e" aria-disabled="true"></div></div></div></div></div></div></div></div></div></div><div id="block-0414d590-7ab3-4372-87e2-e566cbef3cb1" data-testid="block-0414d590-7ab3-4372-87e2-e566cbef3cb1" class="dali-block" data-block-type="epages.productslider" style="background-color:transparent;background-origin:border-box"><div class="dali-grid-row"><div class="dali-grid-column"><div class="dali-grid-element"><div class="dali-grid-element-wrapper"><div class="dali-plugin-text"><div class="dali-plugin-text-content"><h2>Weihnachtsgewürze und Backartikel</h2></div></div></div></div><div><div class="dali-grid-element"><div class="dali-grid-element-wrapper"><div class="product-slider"><div style="--slide-width: 220px;"><div class="swiper-container swiper-container-initialized swiper-container-horizontal swiper-container-pointer-events" style="cursor: grab;"><div class="swiper-wrapper product-item-list grid-col-s" id="swiper-wrapper-16ee4cd0b56724e8" aria-live="polite" style="transform: translate3d(0px, 0px, 0px);"><div class="swiper-slide product-item-list-swiper-slide swiper-slide-active" style="width: 220px; margin-right: 30px;"><div class="product-item" itemscope="" itemtype="http://schema.org/Product"><meta itemprop="sku" content="180"><meta itemprop="image" content="/storage/images/image?remote=https%3A%2F%2Fmadavanilla.de%2FWebRoot%2FStore7%2FShops%2F6390bf67-3db7-4989-81d2-fd1d1df38751%2F61EF%2FA08F%2F512E%2F7789%2F172D%2F0A48%2F352B%2F0388%2F305005695283.png&amp;shop=6390bf67-3db7-4989-81d2-fd1d1df38751&amp;width=600&amp;height=2560"><a itemprop="url" class="product-item-link" href="/p/50g-lebkuchengewuerz"><div class="product-item-image-container"><img class="lazyload product-item-image" data-src="/storage/images/image?remote=https%3A%2F%2Fmadavanilla.de%2FWebRoot%2FStore7%2FShops%2F6390bf67-3db7-4989-81d2-fd1d1df38751%2F61EF%2FA08F%2F512E%2F7789%2F172D%2F0A48%2F352B%2F0388%2F305005695283.png&amp;shop=6390bf67-3db7-4989-81d2-fd1d1df38751&amp;width={width}&amp;height=2560" data-sizes="auto" alt="50g Lebkuchengewürz" decoding="async" width="400" height="291"><noscript></noscript></div><h2 class="product-item-title" itemprop="name">50g Lebkuchengewürz</h2></a><div class="product-item-info-box"><div class="product-item-price no-stock-level"><div itemscope="" itemprop="offers" itemtype="http://schema.org/Offer"><meta itemprop="url" content="/p/50g-lebkuchengewuerz"><meta itemprop="price" content="2.5"><meta itemprop="priceCurrency" content="EUR"><link itemprop="itemCondition" href="http://schema.org/NewCondition"></div><span class="product-item-price-reference">(1 kg = 50,00 €)</span><h3 class="product-item-price-new">2,50 €</h3></div></div></div></div><div class="swiper-slide product-item-list-swiper-slide swiper-slide-next" style="width: 220px; margin-right: 30px;"><div class="product-item" itemscope="" itemtype="http://schema.org/Product"><meta itemprop="sku" content="182"><meta itemprop="image" content="/storage/images/image?remote=https%3A%2F%2Fmadavanilla.de%2FWebRoot%2FStore7%2FShops%2F6390bf67-3db7-4989-81d2-fd1d1df38751%2F61EF%2FA09A%2F5DDA%2F0E56%2F0F81%2F0A48%2F352B%2F0379%2F646956473219.png&amp;shop=6390bf67-3db7-4989-81d2-fd1d1df38751&amp;width=600&amp;height=2560"><a itemprop="url" class="product-item-link" href="/p/50g-stollen-gewuerzzubereitung"><div class="product-item-image-container"><img class="lazyload product-item-image" data-src="/storage/images/image?remote=https%3A%2F%2Fmadavanilla.de%2FWebRoot%2FStore7%2FShops%2F6390bf67-3db7-4989-81d2-fd1d1df38751%2F61EF%2FA09A%2F5DDA%2F0E56%2F0F81%2F0A48%2F352B%2F0379%2F646956473219.png&amp;shop=6390bf67-3db7-4989-81d2-fd1d1df38751&amp;width={width}&amp;height=2560" data-sizes="auto" alt="50g Stollen Gewürzzubereitung" decoding="async" width="346" height="276"><noscript></noscript></div><h2 class="product-item-title" itemprop="name">50g Stollen Gewürzzubereitung</h2></a><div class="product-item-info-box"><div class="product-item-price no-stock-level"><div itemscope="" itemprop="offers" itemtype="http://schema.org/Offer"><meta itemprop="url" content="/p/50g-stollen-gewuerzzubereitung"><meta itemprop="price" content="2.5"><meta itemprop="priceCurrency" content="EUR"><link itemprop="itemCondition" href="http://schema.org/NewCondition"></div><span class="product-item-price-reference">(1 kg = 50,00 €)</span><h3 class="product-item-price-new">2,50 €</h3></div></div></div></div><div class="swiper-slide product-item-list-swiper-slide" style="width: 220px; margin-right: 30px;"><div class="product-item" itemscope="" itemtype="http://schema.org/Product"><meta itemprop="sku" content="177"><meta itemprop="image" content="/storage/images/image?remote=https%3A%2F%2Fmadavanilla.de%2FWebRoot%2FStore7%2FShops%2F6390bf67-3db7-4989-81d2-fd1d1df38751%2F61EF%2FA07D%2F493C%2F303A%2F72C2%2F0A48%2F352B%2F035D%2F064267391841.png&amp;shop=6390bf67-3db7-4989-81d2-fd1d1df38751&amp;width=600&amp;height=2560"><a itemprop="url" class="product-item-link" href="/p/50g-spekulatius-gewuerzmischung"><div class="product-item-image-container"><img class="lazyload product-item-image" data-src="/storage/images/image?remote=https%3A%2F%2Fmadavanilla.de%2FWebRoot%2FStore7%2FShops%2F6390bf67-3db7-4989-81d2-fd1d1df38751%2F61EF%2FA07D%2F493C%2F303A%2F72C2%2F0A48%2F352B%2F035D%2F064267391841.png&amp;shop=6390bf67-3db7-4989-81d2-fd1d1df38751&amp;width={width}&amp;height=2560" data-sizes="auto" alt="50g Spekulatius Gewürzmischung" decoding="async" width="265" height="230"><noscript></noscript></div><h2 class="product-item-title" itemprop="name">50g Spekulatius Gewürzmischung</h2></a><div class="product-item-info-box"><div class="product-item-price no-stock-level"><div itemscope="" itemprop="offers" itemtype="http://schema.org/Offer"><meta itemprop="url" content="/p/50g-spekulatius-gewuerzmischung"><meta itemprop="price" content="2.5"><meta itemprop="priceCurrency" content="EUR"><link itemprop="itemCondition" href="http://schema.org/NewCondition"></div><span class="product-item-price-reference">(1 kg = 50,00 €)</span><h3 class="product-item-price-new">2,50 €</h3></div></div></div></div><div class="swiper-slide product-item-list-swiper-slide" style="width: 220px; margin-right: 30px;"><div class="product-item" itemscope="" itemtype="http://schema.org/Product"><meta itemprop="sku" content="2015204"><meta itemprop="image" content="/storage/images/image?remote=https%3A%2F%2Fmadavanilla.de%2FWebRoot%2FStore7%2FShops%2F6390bf67-3db7-4989-81d2-fd1d1df38751%2F5617%2F97F7%2F608E%2F5501%2F9C26%2F0A48%2F3521%2FC965%2FOrangeatwuerfel2022.JPG&amp;shop=6390bf67-3db7-4989-81d2-fd1d1df38751&amp;width=600&amp;height=2560"><a itemprop="url" class="product-item-link" href="/p/100g-orangeat-wuerfel-aus-italien"><div class="product-item-image-container"><img class="lazyload product-item-image" data-src="/storage/images/image?remote=https%3A%2F%2Fmadavanilla.de%2FWebRoot%2FStore7%2FShops%2F6390bf67-3db7-4989-81d2-fd1d1df38751%2F5617%2F97F7%2F608E%2F5501%2F9C26%2F0A48%2F3521%2FC965%2FOrangeatwuerfel2022.JPG&amp;shop=6390bf67-3db7-4989-81d2-fd1d1df38751&amp;width={width}&amp;height=2560" data-sizes="auto" alt="100g Orangeat WÜRFEL - Aus Italien" decoding="async" width="864" height="1080"><noscript></noscript></div><h2 class="product-item-title" itemprop="name">100g Orangeat WÜRFEL - Aus Italien</h2></a><div class="product-item-info-box"><div class="product-item-price no-stock-level"><div itemscope="" itemprop="offers" itemtype="http://schema.org/Offer"><meta itemprop="url" content="/p/100g-orangeat-wuerfel-aus-italien"><meta itemprop="price" content="2.99"><meta itemprop="priceCurrency" content="EUR"><link itemprop="itemCondition" href="http://schema.org/NewCondition"></div><span class="product-item-price-reference">(1 kg = 29,90 €)</span><h3 class="product-item-price-new">2,99 €</h3></div></div></div></div><div class="swiper-slide product-item-list-swiper-slide" style="width: 220px; margin-right: 30px;"><div class="product-item" itemscope="" itemtype="http://schema.org/Product"><meta itemprop="sku" content="20201915"><meta itemprop="gtin13" content="4260588744260"><meta itemprop="image" content="/storage/images/image?remote=https%3A%2F%2Fmadavanilla.de%2FWebRoot%2FStore7%2FShops%2F6390bf67-3db7-4989-81d2-fd1d1df38751%2F5F3F%2F983E%2F6A0F%2F9C83%2F6129%2F0A48%2F3521%2FF77C%2FStollenmix.JPG&amp;shop=6390bf67-3db7-4989-81d2-fd1d1df38751&amp;width=600&amp;height=2560"><a itemprop="url" class="product-item-link" href="/p/100g-stollen-fruechte-mischung-aus-orangeat-zitronade-korinten-sultanas-fruechtebrot-panetoni"><div class="product-item-image-container"><img class="lazyload product-item-image" data-src="/storage/images/image?remote=https%3A%2F%2Fmadavanilla.de%2FWebRoot%2FStore7%2FShops%2F6390bf67-3db7-4989-81d2-fd1d1df38751%2F5F3F%2F983E%2F6A0F%2F9C83%2F6129%2F0A48%2F3521%2FF77C%2FStollenmix.JPG&amp;shop=6390bf67-3db7-4989-81d2-fd1d1df38751&amp;width={width}&amp;height=2560" data-sizes="auto" alt="100g Stollen Früchte Mischung aus Orangeat, Zitronade, Korinten, Sultanas (Früchtebrot, Panetoni)" decoding="async" width="1440" height="1080"><noscript></noscript></div><h2 class="product-item-title" itemprop="name">100g Stollen Früchte Mischung aus Orangeat, Zitronade, Korinten, Sultanas (Früchtebrot, Panetoni)</h2></a><div class="product-item-info-box"><div class="product-item-price no-stock-level"><div itemscope="" itemprop="offers" itemtype="http://schema.org/Offer"><meta itemprop="url" content="/p/100g-stollen-fruechte-mischung-aus-orangeat-zitronade-korinten-sultanas-fruechtebrot-panetoni"><meta itemprop="price" content="2.99"><meta itemprop="priceCurrency" content="EUR"><link itemprop="itemCondition" href="http://schema.org/NewCondition"></div><span class="product-item-price-reference">(1 kg = 29,90 €)</span><h3 class="product-item-price-new">2,99 €</h3></div></div></div></div><div class="swiper-slide product-item-list-swiper-slide" style="width: 220px; margin-right: 30px;"><div class="product-item" itemscope="" itemtype="http://schema.org/Product"><meta itemprop="sku" content="20201914"><meta itemprop="gtin13" content="4260588744253"><meta itemprop="image" content="/storage/images/image?remote=https%3A%2F%2Fmadavanilla.de%2FWebRoot%2FStore7%2FShops%2F6390bf67-3db7-4989-81d2-fd1d1df38751%2F5F3F%2F973A%2F3CE0%2FCA66%2FEE62%2F0A48%2F3521%2F3E63%2FOrangeatmix.JPG&amp;shop=6390bf67-3db7-4989-81d2-fd1d1df38751&amp;width=600&amp;height=2560"><a itemprop="url" class="product-item-link" href="/p/100g-orangeat-und-zitronade-wuerfel-mischung-fuer-stollen-panettone"><div class="product-item-image-container"><img class="lazyload product-item-image" data-src="/storage/images/image?remote=https%3A%2F%2Fmadavanilla.de%2FWebRoot%2FStore7%2FShops%2F6390bf67-3db7-4989-81d2-fd1d1df38751%2F5F3F%2F973A%2F3CE0%2FCA66%2FEE62%2F0A48%2F3521%2F3E63%2FOrangeatmix.JPG&amp;shop=6390bf67-3db7-4989-81d2-fd1d1df38751&amp;width={width}&amp;height=2560" data-sizes="auto" alt="100g Orangeat und Zitronade Würfel Mischung (für Stollen, Panettone)" decoding="async" width="1440" height="1080"><noscript></noscript></div><h2 class="product-item-title" itemprop="name">100g Orangeat und Zitronade Würfel Mischung (für Stollen, Panettone)</h2></a><div class="product-item-info-box"><div class="product-item-price no-stock-level"><div itemscope="" itemprop="offers" itemtype="http://schema.org/Offer"><meta itemprop="url" content="/p/100g-orangeat-und-zitronade-wuerfel-mischung-fuer-stollen-panettone"><meta itemprop="price" content="2.99"><meta itemprop="priceCurrency" content="EUR"><link itemprop="itemCondition" href="http://schema.org/NewCondition"></div><span class="product-item-price-reference">(1 kg = 29,90 €)</span><h3 class="product-item-price-new">2,99 €</h3></div></div></div></div><div class="swiper-slide product-item-list-swiper-slide" style="width: 220px; margin-right: 30px;"><div class="product-item" itemscope="" itemtype="http://schema.org/Product"><meta itemprop="sku" content="1075"><meta itemprop="image" content="/storage/images/image?remote=https%3A%2F%2Fmadavanilla.de%2FWebRoot%2FStore7%2FShops%2F6390bf67-3db7-4989-81d2-fd1d1df38751%2F61EF%2F9F43%2FC33F%2FB69D%2FB33D%2F0A48%2F352B%2F03A1%2FStevia-Kristall.JPG&amp;shop=6390bf67-3db7-4989-81d2-fd1d1df38751&amp;width=600&amp;height=2560"><a itemprop="url" class="product-item-link" href="/p/50g-hirschhornsalz-abc-trieb-backtriebmittel-2"><div class="product-item-image-container"><img class="lazyload product-item-image" data-src="/storage/images/image?remote=https%3A%2F%2Fmadavanilla.de%2FWebRoot%2FStore7%2FShops%2F6390bf67-3db7-4989-81d2-fd1d1df38751%2F61EF%2F9F43%2FC33F%2FB69D%2FB33D%2F0A48%2F352B%2F03A1%2FStevia-Kristall.JPG&amp;shop=6390bf67-3db7-4989-81d2-fd1d1df38751&amp;width={width}&amp;height=2560" data-sizes="auto" alt="50g Hirschhornsalz (ABC Trieb, Backtriebmittel)" decoding="async" width="1080" height="1080"><noscript></noscript></div><h2 class="product-item-title" itemprop="name">50g Hirschhornsalz (ABC Trieb, Backtriebmittel)</h2></a><div class="product-item-info-box"><div class="product-item-price no-stock-level"><div itemscope="" itemprop="offers" itemtype="http://schema.org/Offer"><meta itemprop="url" content="/p/50g-hirschhornsalz-abc-trieb-backtriebmittel-2"><meta itemprop="price" content="2.5"><meta itemprop="priceCurrency" content="EUR"><link itemprop="itemCondition" href="http://schema.org/NewCondition"></div><span class="product-item-price-reference">(1 kg = 50,00 €)</span><h3 class="product-item-price-new">2,50 €</h3></div></div></div></div><div class="swiper-slide product-item-list-swiper-slide" style="width: 220px; margin-right: 30px;"><div class="product-item" itemscope="" itemtype="http://schema.org/Product"><meta itemprop="sku" content="2016402"><meta itemprop="gtin13" content="4260355397446"><meta itemprop="image" content="/storage/images/image?remote=https%3A%2F%2Fmadavanilla.de%2FWebRoot%2FStore7%2FShops%2F6390bf67-3db7-4989-81d2-fd1d1df38751%2F5767%2FCA5F%2F72E6%2F6DE9%2F991B%2F0A48%2F3521%2F03CD%2FWeihnacht.JPG&amp;shop=6390bf67-3db7-4989-81d2-fd1d1df38751&amp;width=600&amp;height=2560"><a itemprop="url" class="product-item-link" href="/p/50g-weihnachtsgewuerzmischung-weihnachtsmischung"><div class="product-item-image-container"><img class="lazyload product-item-image" data-src="/storage/images/image?remote=https%3A%2F%2Fmadavanilla.de%2FWebRoot%2FStore7%2FShops%2F6390bf67-3db7-4989-81d2-fd1d1df38751%2F5767%2FCA5F%2F72E6%2F6DE9%2F991B%2F0A48%2F3521%2F03CD%2FWeihnacht.JPG&amp;shop=6390bf67-3db7-4989-81d2-fd1d1df38751&amp;width={width}&amp;height=2560" data-sizes="auto" alt="50g Weihnachtsgewürzmischung - Weihnachtsmischung" decoding="async" width="1080" height="1080"><noscript></noscript></div><h2 class="product-item-title" itemprop="name">50g Weihnachtsgewürzmischung - Weihnachtsmischung</h2></a><div class="product-item-info-box"><div class="product-item-price no-stock-level"><div itemscope="" itemprop="offers" itemtype="http://schema.org/Offer"><meta itemprop="url" content="/p/50g-weihnachtsgewuerzmischung-weihnachtsmischung"><meta itemprop="price" content="2.5"><meta itemprop="priceCurrency" content="EUR"><link itemprop="itemCondition" href="http://schema.org/NewCondition"></div><span class="product-item-price-reference">(1 kg = 50,00 €)</span><h3 class="product-item-price-new">2,50 €</h3></div></div></div></div><div class="swiper-slide product-item-list-swiper-slide" style="width: 220px; margin-right: 30px;"><div class="product-item" itemscope="" itemtype="http://schema.org/Product"><meta itemprop="sku" content="235"><meta itemprop="image" content="/storage/images/image?remote=https%3A%2F%2Fmadavanilla.de%2FWebRoot%2FStore7%2FShops%2F6390bf67-3db7-4989-81d2-fd1d1df38751%2F61EF%2FA370%2F2DFE%2F2098%2F718E%2F0A48%2F352B%2F0334%2FBrat-Apfel.JPG&amp;shop=6390bf67-3db7-4989-81d2-fd1d1df38751&amp;width=600&amp;height=2560"><a itemprop="url" class="product-item-link" href="/p/50g-brat-apfel-gewuerz"><div class="product-item-image-container"><img class="lazyload product-item-image" data-src="/storage/images/image?remote=https%3A%2F%2Fmadavanilla.de%2FWebRoot%2FStore7%2FShops%2F6390bf67-3db7-4989-81d2-fd1d1df38751%2F61EF%2FA370%2F2DFE%2F2098%2F718E%2F0A48%2F352B%2F0334%2FBrat-Apfel.JPG&amp;shop=6390bf67-3db7-4989-81d2-fd1d1df38751&amp;width={width}&amp;height=2560" data-sizes="auto" alt="50g Brat-Apfel Gewürz" decoding="async" width="1080" height="1080"><noscript></noscript></div><h2 class="product-item-title" itemprop="name">50g Brat-Apfel Gewürz</h2></a><div class="product-item-info-box"><div class="product-item-price no-stock-level"><div itemscope="" itemprop="offers" itemtype="http://schema.org/Offer"><meta itemprop="url" content="/p/50g-brat-apfel-gewuerz"><meta itemprop="price" content="2.5"><meta itemprop="priceCurrency" content="EUR"><link itemprop="itemCondition" href="http://schema.org/NewCondition"></div><span class="product-item-price-reference">(1 kg = 50,00 €)</span><h3 class="product-item-price-new">2,50 €</h3></div></div></div></div><div class="swiper-slide product-item-list-swiper-slide" style="width: 220px; margin-right: 30px;"><div class="product-item" itemscope="" itemtype="http://schema.org/Product"><meta itemprop="sku" content="1127"><meta itemprop="image" content="/storage/images/image?remote=https%3A%2F%2Fmadavanilla.de%2FWebRoot%2FStore7%2FShops%2F6390bf67-3db7-4989-81d2-fd1d1df38751%2F61EF%2F9F58%2F9330%2FF5A2%2F3E7A%2F0A48%2F352B%2F03B2%2FCeylon-Zimt-Stangen.JPG&amp;shop=6390bf67-3db7-4989-81d2-fd1d1df38751&amp;width=600&amp;height=2560"><a itemprop="url" class="product-item-link" href="/p/35g-ceylon-zimt-stangen-8-10cm-2"><div class="product-item-image-container"><img class="lazyload product-item-image" data-src="/storage/images/image?remote=https%3A%2F%2Fmadavanilla.de%2FWebRoot%2FStore7%2FShops%2F6390bf67-3db7-4989-81d2-fd1d1df38751%2F61EF%2F9F58%2F9330%2FF5A2%2F3E7A%2F0A48%2F352B%2F03B2%2FCeylon-Zimt-Stangen.JPG&amp;shop=6390bf67-3db7-4989-81d2-fd1d1df38751&amp;width={width}&amp;height=2560" data-sizes="auto" alt="35g Ceylon Zimt Stangen - 8-10cm" decoding="async" width="1080" height="1080"><noscript></noscript></div><h2 class="product-item-title" itemprop="name">35g Ceylon Zimt Stangen - 8-10cm</h2></a><div class="product-item-info-box"><div class="product-item-price no-stock-level"><div itemscope="" itemprop="offers" itemtype="http://schema.org/Offer"><meta itemprop="url" content="/p/35g-ceylon-zimt-stangen-8-10cm-2"><meta itemprop="price" content="3.5"><meta itemprop="priceCurrency" content="EUR"><link itemprop="itemCondition" href="http://schema.org/NewCondition"><div><div><div itemprop="priceSpecification" itemscope="" itemtype="http://schema.org/UnitPriceSpecification"><meta itemprop="price" content="2.38"><meta itemprop="priceCurrency" content="EUR"><div itemprop="eligibleQuantity" itemscope="" itemtype="http://schema.org/QuantitativeValue"><meta itemprop="minValue" content="5"><meta itemprop="maxValue" content="5"></div></div></div></div></div><span class="product-item-price-reference">(1 kg = 100,00 €)</span><h3 class="product-item-price-new">3,50 €</h3></div></div></div></div><div class="swiper-slide product-item-list-swiper-slide" style="width: 220px; margin-right: 30px;"><div class="product-item" itemscope="" itemtype="http://schema.org/Product"><meta itemprop="sku" content="179"><meta itemprop="image" content="/storage/images/image?remote=https%3A%2F%2Fmadavanilla.de%2FWebRoot%2FStore7%2FShops%2F6390bf67-3db7-4989-81d2-fd1d1df38751%2F61EF%2FA088%2F113B%2F65F4%2F6474%2F0A48%2F352B%2F0302%2FGluehwein-und-Punsch.JPG&amp;shop=6390bf67-3db7-4989-81d2-fd1d1df38751&amp;width=600&amp;height=2560"><a itemprop="url" class="product-item-link" href="/p/50g-gluehwein-und-punsch-gewuerz-2"><div class="product-item-image-container"><img class="lazyload product-item-image" data-src="/storage/images/image?remote=https%3A%2F%2Fmadavanilla.de%2FWebRoot%2FStore7%2FShops%2F6390bf67-3db7-4989-81d2-fd1d1df38751%2F61EF%2FA088%2F113B%2F65F4%2F6474%2F0A48%2F352B%2F0302%2FGluehwein-und-Punsch.JPG&amp;shop=6390bf67-3db7-4989-81d2-fd1d1df38751&amp;width={width}&amp;height=2560" data-sizes="auto" alt="50g Glühwein- und Punsch-Gewürz" decoding="async" width="1080" height="1080"><noscript></noscript></div><h2 class="product-item-title" itemprop="name">50g Glühwein- und Punsch-Gewürz</h2></a><div class="product-item-info-box"><div class="product-item-price no-stock-level"><div itemscope="" itemprop="offers" itemtype="http://schema.org/Offer"><meta itemprop="url" content="/p/50g-gluehwein-und-punsch-gewuerz-2"><meta itemprop="price" content="3"><meta itemprop="priceCurrency" content="EUR"><link itemprop="itemCondition" href="http://schema.org/NewCondition"></div><span class="product-item-price-reference">(1 kg = 60,00 €)</span><h3 class="product-item-price-new">3,00 €</h3></div></div></div></div><div class="swiper-slide product-item-list-swiper-slide product-item-list-items empty-product" style="width: 220px; margin-right: 30px;"></div><div class="swiper-slide product-item-list-swiper-slide product-item-list-items empty-product" style="width: 220px; margin-right: 30px;"></div><div class="swiper-slide product-item-list-swiper-slide product-item-list-items empty-product" style="width: 220px; margin-right: 30px;"></div><div class="swiper-slide product-item-list-swiper-slide product-item-list-items empty-product" style="width: 220px; margin-right: 30px;"></div></div><span class="swiper-notification" aria-live="assertive" aria-atomic="true"></span></div><div class="swiper-arrows grid-col-s"><div class="swiper-arrow-right" tabindex="0" role="button" aria-label="Next slide" aria-controls="swiper-wrapper-16ee4cd0b56724e8" aria-disabled="false"></div><div class="swiper-arrow-left swiper-button-disabled" tabindex="-1" role="button" aria-label="Previous slide" aria-controls="swiper-wrapper-16ee4cd0b56724e8" aria-disabled="true"></div></div></div></div></div></div></div></div></div></div><div id="block-11ac1e74-f61a-4942-960e-fb29604c6d6b" data-testid="block-11ac1e74-f61a-4942-960e-fb29604c6d6b" class="dali-block" data-block-type="epages.productslider" style="background-color:transparent;background-origin:border-box"><div class="dali-grid-row"><div class="dali-grid-column"><div class="dali-grid-element"><div class="dali-grid-element-wrapper"><div class="dali-plugin-text"><div class="dali-plugin-text-content"><h2>Aufbewahrung - Mühlen - Dosen - Streuer</h2></div></div></div></div><div><div class="dali-grid-element"><div class="dali-grid-element-wrapper"><div class="product-slider"><div style="--slide-width: 220px;"><div class="swiper-container swiper-container-initialized swiper-container-horizontal swiper-container-pointer-events" style="cursor: grab;"><div class="swiper-wrapper product-item-list grid-col-s" id="swiper-wrapper-5774989e610fd1ee6" aria-live="polite" style="transform: translate3d(0px, 0px, 0px);"><div class="swiper-slide product-item-list-swiper-slide swiper-slide-active" style="width: 220px; margin-right: 30px;"><div class="product-item" itemscope="" itemtype="http://schema.org/Product"><meta itemprop="sku" content="1558"><meta itemprop="image" content="/storage/images/image?remote=https%3A%2F%2Fmadavanilla.de%2FWebRoot%2FStore7%2FShops%2F6390bf67-3db7-4989-81d2-fd1d1df38751%2F5435%2F1686%2F9BEC%2FBB1C%2FDF7A%2F0A48%2F3525%2F647D%2F359267655377.png&amp;shop=6390bf67-3db7-4989-81d2-fd1d1df38751&amp;width=600&amp;height=2560"><a itemprop="url" class="product-item-link" href="/p/grosse-gewuerz-kraeuterdose-mit-sichtfenster"><div class="product-item-image-container"><img class="lazyload product-item-image" data-src="/storage/images/image?remote=https%3A%2F%2Fmadavanilla.de%2FWebRoot%2FStore7%2FShops%2F6390bf67-3db7-4989-81d2-fd1d1df38751%2F5435%2F1686%2F9BEC%2FBB1C%2FDF7A%2F0A48%2F3525%2F647D%2F359267655377.png&amp;shop=6390bf67-3db7-4989-81d2-fd1d1df38751&amp;width={width}&amp;height=2560" data-sizes="auto" alt="Große Gewürz/Kräuterdose mit Sichtfenster" decoding="async" width="500" height="334"><noscript></noscript></div><h2 class="product-item-title" itemprop="name">Große Gewürz/Kräuterdose mit Sichtfenster</h2></a><div class="product-item-info-box"><div class="product-item-price no-stock-level"><div itemscope="" itemprop="offers" itemtype="http://schema.org/Offer"><meta itemprop="url" content="/p/grosse-gewuerz-kraeuterdose-mit-sichtfenster"><meta itemprop="price" content="2.5"><meta itemprop="priceCurrency" content="EUR"><link itemprop="itemCondition" href="http://schema.org/NewCondition"></div><h3 class="product-item-price-new">2,50 €</h3></div></div></div></div><div class="swiper-slide product-item-list-swiper-slide swiper-slide-next" style="width: 220px; margin-right: 30px;"><div class="product-item" itemscope="" itemtype="http://schema.org/Product"><meta itemprop="sku" content="25"><meta itemprop="gtin13" content="4260588746189"><meta itemprop="image" content="/storage/images/image?remote=https%3A%2F%2Fmadavanilla.de%2FWebRoot%2FStore7%2FShops%2F6390bf67-3db7-4989-81d2-fd1d1df38751%2F5435%2F00A0%2F5643%2FEC54%2F3025%2F0A48%2F3525%2F6443%2FGEW-RZDOSE-MIT-FENSTER-ART-9023a.jpg&amp;shop=6390bf67-3db7-4989-81d2-fd1d1df38751&amp;width=600&amp;height=2560"><a itemprop="url" class="product-item-link" href="/p/kleine-gewuerzdose-mit-sichtfenster"><div class="product-item-image-container"><img class="lazyload product-item-image" data-src="/storage/images/image?remote=https%3A%2F%2Fmadavanilla.de%2FWebRoot%2FStore7%2FShops%2F6390bf67-3db7-4989-81d2-fd1d1df38751%2F5435%2F00A0%2F5643%2FEC54%2F3025%2F0A48%2F3525%2F6443%2FGEW-RZDOSE-MIT-FENSTER-ART-9023a.jpg&amp;shop=6390bf67-3db7-4989-81d2-fd1d1df38751&amp;width={width}&amp;height=2560" data-sizes="auto" alt="Kleine Gewürzdose mit Sichtfenster" decoding="async" width="1620" height="1080"><noscript></noscript></div><h2 class="product-item-title" itemprop="name">Kleine Gewürzdose mit Sichtfenster</h2></a><div class="product-item-info-box"><div class="product-item-price no-stock-level"><div itemscope="" itemprop="offers" itemtype="http://schema.org/Offer"><meta itemprop="url" content="/p/kleine-gewuerzdose-mit-sichtfenster"><meta itemprop="price" content="2.2"><meta itemprop="priceCurrency" content="EUR"><link itemprop="itemCondition" href="http://schema.org/NewCondition"></div><span class="product-item-price-reference">(1 Stück = 2,20 €)</span><h3 class="product-item-price-new">2,20 €</h3></div></div></div></div><div class="swiper-slide product-item-list-swiper-slide" style="width: 220px; margin-right: 30px;"><div class="product-item" itemscope="" itemtype="http://schema.org/Product"><meta itemprop="sku" content="1426"><meta itemprop="image" content="/storage/images/image?remote=https%3A%2F%2Fmadavanilla.de%2FWebRoot%2FStore7%2FShops%2F6390bf67-3db7-4989-81d2-fd1d1df38751%2F5435%2F12F6%2FFD43%2F2D64%2F0B2D%2F0A48%2F3525%2F6428%2F282634182756.png&amp;shop=6390bf67-3db7-4989-81d2-fd1d1df38751&amp;width=600&amp;height=2560"><a itemprop="url" class="product-item-link" href="/p/kaffee-teedose-rund-silber-auch-fuer-vanilleschoten-und-gemahlene-vanille-mit-buegelverschluss"><div class="product-item-image-container"><img class="lazyload product-item-image" data-src="/storage/images/image?remote=https%3A%2F%2Fmadavanilla.de%2FWebRoot%2FStore7%2FShops%2F6390bf67-3db7-4989-81d2-fd1d1df38751%2F5435%2F12F6%2FFD43%2F2D64%2F0B2D%2F0A48%2F3525%2F6428%2F282634182756.png&amp;shop=6390bf67-3db7-4989-81d2-fd1d1df38751&amp;width={width}&amp;height=2560" data-sizes="auto" alt="Kaffee/Teedose - RUND SILBER - auch für Vanilleschoten und gemahlene Vanille - mit Bügelverschluß" decoding="async" width="500" height="333"><noscript></noscript></div><h2 class="product-item-title" itemprop="name">Kaffee/Teedose - RUND SILBER - auch für Vanilleschoten und gemahlene Vanille - mit Bügelverschluß</h2></a><div class="product-item-info-box"><div class="product-item-price no-stock-level"><div itemscope="" itemprop="offers" itemtype="http://schema.org/Offer"><meta itemprop="url" content="/p/kaffee-teedose-rund-silber-auch-fuer-vanilleschoten-und-gemahlene-vanille-mit-buegelverschluss"><meta itemprop="price" content="9.95"><meta itemprop="priceCurrency" content="EUR"><link itemprop="itemCondition" href="http://schema.org/NewCondition"></div><h3 class="product-item-price-new">9,95 €</h3></div></div></div></div><div class="swiper-slide product-item-list-swiper-slide" style="width: 220px; margin-right: 30px;"><div class="product-item" itemscope="" itemtype="http://schema.org/Product"><meta itemprop="sku" content="1438"><meta itemprop="image" content="/storage/images/image?remote=https%3A%2F%2Fmadavanilla.de%2FWebRoot%2FStore7%2FShops%2F6390bf67-3db7-4989-81d2-fd1d1df38751%2F5435%2F12FA%2F1EB5%2FC0AD%2FB928%2F0A48%2F3525%2F6494%2F818821108325.jpeg&amp;shop=6390bf67-3db7-4989-81d2-fd1d1df38751&amp;width=600&amp;height=2560"><a itemprop="url" class="product-item-link" href="/p/vorratsdose-teedose-rund-mit-transparentem-deckel"><div class="product-item-image-container"><img class="lazyload product-item-image" data-src="/storage/images/image?remote=https%3A%2F%2Fmadavanilla.de%2FWebRoot%2FStore7%2FShops%2F6390bf67-3db7-4989-81d2-fd1d1df38751%2F5435%2F12FA%2F1EB5%2FC0AD%2FB928%2F0A48%2F3525%2F6494%2F818821108325.jpeg&amp;shop=6390bf67-3db7-4989-81d2-fd1d1df38751&amp;width={width}&amp;height=2560" data-sizes="auto" alt="Vorratsdose/Teedose rund - mit transparentem Deckel" decoding="async" width="500" height="327"><noscript></noscript></div><h2 class="product-item-title" itemprop="name">Vorratsdose/Teedose rund - mit transparentem Deckel</h2></a><div class="product-item-info-box"><div class="product-item-price no-stock-level"><div itemscope="" itemprop="offers" itemtype="http://schema.org/Offer"><meta itemprop="url" content="/p/vorratsdose-teedose-rund-mit-transparentem-deckel"><meta itemprop="price" content="4.5"><meta itemprop="priceCurrency" content="EUR"><link itemprop="itemCondition" href="http://schema.org/NewCondition"></div><span class="product-item-price-reference">(1 Stück = 4,50 €)</span><h3 class="product-item-price-new">4,50 €</h3></div></div></div></div><div class="swiper-slide product-item-list-swiper-slide" style="width: 220px; margin-right: 30px;"><div class="product-item" itemscope="" itemtype="http://schema.org/Product"><meta itemprop="sku" content="2017553"><meta itemprop="gtin13" content="4260588746172"><meta itemprop="image" content="/storage/images/image?remote=https%3A%2F%2Fmadavanilla.de%2FWebRoot%2FStore7%2FShops%2F6390bf67-3db7-4989-81d2-fd1d1df38751%2F587F%2F54A6%2F1BFD%2F11BD%2F8074%2F0A48%2F3521%2F8500%2Fgewuerzdose-schmal.jpg&amp;shop=6390bf67-3db7-4989-81d2-fd1d1df38751&amp;width=600&amp;height=2560"><a itemprop="url" class="product-item-link" href="/p/gewuerzdose-schmal-mit-dosieroeffnung-neu"><div class="product-item-image-container"><img class="lazyload product-item-image" data-src="/storage/images/image?remote=https%3A%2F%2Fmadavanilla.de%2FWebRoot%2FStore7%2FShops%2F6390bf67-3db7-4989-81d2-fd1d1df38751%2F587F%2F54A6%2F1BFD%2F11BD%2F8074%2F0A48%2F3521%2F8500%2Fgewuerzdose-schmal.jpg&amp;shop=6390bf67-3db7-4989-81d2-fd1d1df38751&amp;width={width}&amp;height=2560" data-sizes="auto" alt="GEWÜRZDOSE SCHMAL MIT DOSIERÖFFNUNG - NEU!" decoding="async" width="600" height="400"><noscript></noscript></div><h2 class="product-item-title" itemprop="name">GEWÜRZDOSE SCHMAL MIT DOSIERÖFFNUNG - NEU!</h2></a><div class="product-item-info-box"><div class="product-item-price no-stock-level"><div itemscope="" itemprop="offers" itemtype="http://schema.org/Offer"><meta itemprop="url" content="/p/gewuerzdose-schmal-mit-dosieroeffnung-neu"><meta itemprop="price" content="1.75"><meta itemprop="priceCurrency" content="EUR"><link itemprop="itemCondition" href="http://schema.org/NewCondition"></div><span class="product-item-price-reference">(1 Stück = 1,75 €)</span><h3 class="product-item-price-new">1,75 €</h3></div></div></div></div><div class="swiper-slide product-item-list-swiper-slide" style="width: 220px; margin-right: 30px;"><div class="product-item" itemscope="" itemtype="http://schema.org/Product"><meta itemprop="sku" content="2017552"><meta itemprop="gtin13" content="4260588746196"><meta itemprop="image" content="/storage/images/image?remote=https%3A%2F%2Fmadavanilla.de%2FWebRoot%2FStore7%2FShops%2F6390bf67-3db7-4989-81d2-fd1d1df38751%2F587F%2F5452%2F779F%2F4D52%2FE812%2F0A48%2F3521%2F5C61%2Fgewuerzdose-breit-mit-streuer.jpg&amp;shop=6390bf67-3db7-4989-81d2-fd1d1df38751&amp;width=600&amp;height=2560"><a itemprop="url" class="product-item-link" href="/p/gewuerzdose-mit-streueinsatz-grob-neu"><div class="product-item-image-container"><img class="lazyload product-item-image" data-src="/storage/images/image?remote=https%3A%2F%2Fmadavanilla.de%2FWebRoot%2FStore7%2FShops%2F6390bf67-3db7-4989-81d2-fd1d1df38751%2F587F%2F5452%2F779F%2F4D52%2FE812%2F0A48%2F3521%2F5C61%2Fgewuerzdose-breit-mit-streuer.jpg&amp;shop=6390bf67-3db7-4989-81d2-fd1d1df38751&amp;width={width}&amp;height=2560" data-sizes="auto" alt="GEWÜRZDOSE MIT STREUEINSATZ GROB - NEU!" decoding="async" width="600" height="400"><noscript></noscript></div><h2 class="product-item-title" itemprop="name">GEWÜRZDOSE MIT STREUEINSATZ GROB - NEU!</h2></a><div class="product-item-info-box"><div class="product-item-price no-stock-level"><div itemscope="" itemprop="offers" itemtype="http://schema.org/Offer"><meta itemprop="url" content="/p/gewuerzdose-mit-streueinsatz-grob-neu"><meta itemprop="price" content="1.99"><meta itemprop="priceCurrency" content="EUR"><link itemprop="itemCondition" href="http://schema.org/NewCondition"></div><span class="product-item-price-reference">(1 Stück = 1,99 €)</span><h3 class="product-item-price-new">1,99 €</h3></div></div></div></div><div class="swiper-slide product-item-list-swiper-slide" style="width: 220px; margin-right: 30px;"><div class="product-item" itemscope="" itemtype="http://schema.org/Product"><meta itemprop="sku" content="26"><meta itemprop="image" content="/storage/images/image?remote=https%3A%2F%2Fmadavanilla.de%2FWebRoot%2FStore7%2FShops%2F6390bf67-3db7-4989-81d2-fd1d1df38751%2F5435%2F009D%2F3410%2F24D6%2FB2EF%2F0A48%2F3525%2F6437%2F815110318378.png&amp;shop=6390bf67-3db7-4989-81d2-fd1d1df38751&amp;width=600&amp;height=2560"><a itemprop="url" class="product-item-link" href="/p/weissblechdose-geschenkdose-mit-sichtfenster"><div class="product-item-image-container"><img class="lazyload product-item-image" data-src="/storage/images/image?remote=https%3A%2F%2Fmadavanilla.de%2FWebRoot%2FStore7%2FShops%2F6390bf67-3db7-4989-81d2-fd1d1df38751%2F5435%2F009D%2F3410%2F24D6%2FB2EF%2F0A48%2F3525%2F6437%2F815110318378.png&amp;shop=6390bf67-3db7-4989-81d2-fd1d1df38751&amp;width={width}&amp;height=2560" data-sizes="auto" alt="Weissblechdose/Geschenkdose mit Sichtfenster" decoding="async" width="500" height="375"><noscript></noscript></div><h2 class="product-item-title" itemprop="name">Weissblechdose/Geschenkdose mit Sichtfenster</h2></a><div class="product-item-info-box"><div class="product-item-price no-stock-level"><div itemscope="" itemprop="offers" itemtype="http://schema.org/Offer"><meta itemprop="url" content="/p/weissblechdose-geschenkdose-mit-sichtfenster"><meta itemprop="price" content="3"><meta itemprop="priceCurrency" content="EUR"><link itemprop="itemCondition" href="http://schema.org/NewCondition"></div><h3 class="product-item-price-new">3,00 €</h3></div></div></div></div><div class="swiper-slide product-item-list-swiper-slide" style="width: 220px; margin-right: 30px;"><div class="product-item" itemscope="" itemtype="http://schema.org/Product"><meta itemprop="sku" content="1919"><meta itemprop="image" content="/storage/images/image?remote=https%3A%2F%2Fmadavanilla.de%2FWebRoot%2FStore7%2FShops%2F6390bf67-3db7-4989-81d2-fd1d1df38751%2F5435%2F1DEC%2FB863%2FB492%2F0928%2F0A48%2F3525%2F646B%2F773816292091.png&amp;shop=6390bf67-3db7-4989-81d2-fd1d1df38751&amp;width=600&amp;height=2560"><a itemprop="url" class="product-item-link" href="/p/runde-weihnachtsdose-mit-motivdruck-sehr-edel"><div class="product-item-image-container"><img class="lazyload product-item-image" data-src="/storage/images/image?remote=https%3A%2F%2Fmadavanilla.de%2FWebRoot%2FStore7%2FShops%2F6390bf67-3db7-4989-81d2-fd1d1df38751%2F5435%2F1DEC%2FB863%2FB492%2F0928%2F0A48%2F3525%2F646B%2F773816292091.png&amp;shop=6390bf67-3db7-4989-81d2-fd1d1df38751&amp;width={width}&amp;height=2560" data-sizes="auto" alt="Runde Weihnachtsdose mit Motivdruck - sehr edel!" decoding="async" width="500" height="500"><noscript></noscript></div><h2 class="product-item-title" itemprop="name">Runde Weihnachtsdose mit Motivdruck - sehr edel!</h2></a><div class="product-item-info-box"><div class="product-item-price no-stock-level"><div itemscope="" itemprop="offers" itemtype="http://schema.org/Offer"><meta itemprop="url" content="/p/runde-weihnachtsdose-mit-motivdruck-sehr-edel"><meta itemprop="price" content="6.95"><meta itemprop="priceCurrency" content="EUR"><link itemprop="itemCondition" href="http://schema.org/NewCondition"></div><h3 class="product-item-price-new">6,95 €</h3></div></div></div></div><div class="swiper-slide product-item-list-swiper-slide" style="width: 220px; margin-right: 30px;"><div class="product-item" itemscope="" itemtype="http://schema.org/Product"><meta itemprop="sku" content="1956"><meta itemprop="image" content="/storage/images/image?remote=https%3A%2F%2Fmadavanilla.de%2FWebRoot%2FStore7%2FShops%2F6390bf67-3db7-4989-81d2-fd1d1df38751%2F543B%2F9267%2F0B86%2FF40D%2F1A09%2F0A48%2F3520%2F56E3%2FMuskatmuehle.jpg&amp;shop=6390bf67-3db7-4989-81d2-fd1d1df38751&amp;width=600&amp;height=2560"><a itemprop="url" class="product-item-link" href="/p/muskatnuss-muehle-mit-vorratsfach-kitchen-craft"><div class="product-item-image-container"><img class="lazyload product-item-image" data-src="/storage/images/image?remote=https%3A%2F%2Fmadavanilla.de%2FWebRoot%2FStore7%2FShops%2F6390bf67-3db7-4989-81d2-fd1d1df38751%2F543B%2F9267%2F0B86%2FF40D%2F1A09%2F0A48%2F3520%2F56E3%2FMuskatmuehle.jpg&amp;shop=6390bf67-3db7-4989-81d2-fd1d1df38751&amp;width={width}&amp;height=2560" data-sizes="auto" alt="Muskatnuss-Mühle - mit Vorratsfach - Kitchen Craft" decoding="async" width="1080" height="1080"><noscript></noscript></div><h2 class="product-item-title" itemprop="name">Muskatnuss-Mühle - mit Vorratsfach - Kitchen Craft</h2></a><div class="product-item-info-box"><div class="product-item-price no-stock-level"><div itemscope="" itemprop="offers" itemtype="http://schema.org/Offer"><meta itemprop="url" content="/p/muskatnuss-muehle-mit-vorratsfach-kitchen-craft"><meta itemprop="price" content="11.95"><meta itemprop="priceCurrency" content="EUR"><link itemprop="itemCondition" href="http://schema.org/NewCondition"><div><div><div itemprop="priceSpecification" itemscope="" itemtype="http://schema.org/UnitPriceSpecification"><meta itemprop="price" content="11.35"><meta itemprop="priceCurrency" content="EUR"><div itemprop="eligibleQuantity" itemscope="" itemtype="http://schema.org/QuantitativeValue"><meta itemprop="minValue" content="5"><meta itemprop="maxValue" content="5"></div></div></div></div></div><h3 class="product-item-price-new">11,95 €</h3></div></div></div></div><div class="swiper-slide product-item-list-swiper-slide" style="width: 220px; margin-right: 30px;"><div class="product-item" itemscope="" itemtype="http://schema.org/Product"><meta itemprop="sku" content="1677"><meta itemprop="image" content="/storage/images/image?remote=https%3A%2F%2Fmadavanilla.de%2FWebRoot%2FStore7%2FShops%2F6390bf67-3db7-4989-81d2-fd1d1df38751%2F5435%2F19A1%2FEEE4%2F5D5E%2FC36F%2F0A48%2F3525%2F6461%2F610251205514.jpeg&amp;shop=6390bf67-3db7-4989-81d2-fd1d1df38751&amp;width=600&amp;height=2560"><a itemprop="url" class="product-item-link" href="/p/edle-gewuerz-pfeffermuehle-mit-keramik-mahlwerk-farbe-schwarz"><div class="product-item-image-container"><img class="lazyload product-item-image" data-src="/storage/images/image?remote=https%3A%2F%2Fmadavanilla.de%2FWebRoot%2FStore7%2FShops%2F6390bf67-3db7-4989-81d2-fd1d1df38751%2F5435%2F19A1%2FEEE4%2F5D5E%2FC36F%2F0A48%2F3525%2F6461%2F610251205514.jpeg&amp;shop=6390bf67-3db7-4989-81d2-fd1d1df38751&amp;width={width}&amp;height=2560" data-sizes="auto" alt="Edle Gewürz/Pfeffermühle mit Keramik Mahlwerk - Farbe: SCHWARZ" decoding="async" width="489" height="413"><noscript></noscript></div><h2 class="product-item-title" itemprop="name">Edle Gewürz/Pfeffermühle mit Keramik Mahlwerk - Farbe: SCHWARZ</h2></a><div class="product-item-info-box"><div class="product-item-price no-stock-level"><div itemscope="" itemprop="offers" itemtype="http://schema.org/Offer"><meta itemprop="url" content="/p/edle-gewuerz-pfeffermuehle-mit-keramik-mahlwerk-farbe-schwarz"><meta itemprop="price" content="9.99"><meta itemprop="priceCurrency" content="EUR"><link itemprop="itemCondition" href="http://schema.org/NewCondition"></div><span class="product-item-price-reference">(1 Stück = 9,99 €)</span><h3 class="product-item-price-new">9,99 €</h3></div></div></div></div><div class="swiper-slide product-item-list-swiper-slide" style="width: 220px; margin-right: 30px;"><div class="product-item" itemscope="" itemtype="http://schema.org/Product"><meta itemprop="sku" content="2018909"><meta itemprop="image" content="/storage/images/image?remote=https%3A%2F%2Fmadavanilla.de%2FWebRoot%2FStore7%2FShops%2F6390bf67-3db7-4989-81d2-fd1d1df38751%2F5A86%2FE5E9%2FB15D%2F47D0%2F3EFB%2F0A48%2F3521%2F2CFA%2FMuehle-Sumatra.jpg&amp;shop=6390bf67-3db7-4989-81d2-fd1d1df38751&amp;width=600&amp;height=2560"><a itemprop="url" class="product-item-link" href="/p/schlanke-hohe-muehle-mit-keramikmahlwerk-schwarz"><div class="product-item-image-container"><img class="lazyload product-item-image" data-src="/storage/images/image?remote=https%3A%2F%2Fmadavanilla.de%2FWebRoot%2FStore7%2FShops%2F6390bf67-3db7-4989-81d2-fd1d1df38751%2F5A86%2FE5E9%2FB15D%2F47D0%2F3EFB%2F0A48%2F3521%2F2CFA%2FMuehle-Sumatra.jpg&amp;shop=6390bf67-3db7-4989-81d2-fd1d1df38751&amp;width={width}&amp;height=2560" data-sizes="auto" alt="Schlanke hohe Mühle mit Keramikmahlwerk - schwarz" decoding="async" width="900" height="881"><noscript></noscript></div><h2 class="product-item-title" itemprop="name">Schlanke hohe Mühle mit Keramikmahlwerk - schwarz</h2></a><div class="product-item-info-box"><div class="product-item-price no-stock-level"><div itemscope="" itemprop="offers" itemtype="http://schema.org/Offer"><meta itemprop="url" content="/p/schlanke-hohe-muehle-mit-keramikmahlwerk-schwarz"><meta itemprop="price" content="9.99"><meta itemprop="priceCurrency" content="EUR"><link itemprop="itemCondition" href="http://schema.org/NewCondition"></div><h3 class="product-item-price-new">9,99 €</h3></div></div></div></div><div class="swiper-slide product-item-list-swiper-slide product-item-list-items empty-product" style="width: 220px; margin-right: 30px;"></div><div class="swiper-slide product-item-list-swiper-slide product-item-list-items empty-product" style="width: 220px; margin-right: 30px;"></div><div class="swiper-slide product-item-list-swiper-slide product-item-list-items empty-product" style="width: 220px; margin-right: 30px;"></div><div class="swiper-slide product-item-list-swiper-slide product-item-list-items empty-product" style="width: 220px; margin-right: 30px;"></div></div><span class="swiper-notification" aria-live="assertive" aria-atomic="true"></span></div><div class="swiper-arrows grid-col-s"><div class="swiper-arrow-right" tabindex="0" role="button" aria-label="Next slide" aria-controls="swiper-wrapper-5774989e610fd1ee6" aria-disabled="false"></div><div class="swiper-arrow-left swiper-button-disabled" tabindex="-1" role="button" aria-label="Previous slide" aria-controls="swiper-wrapper-5774989e610fd1ee6" aria-disabled="true"></div></div></div></div></div></div></div></div></div></div><div id="block-f2ecaaa9-b750-443f-81da-44f156a23bb6" data-testid="block-f2ecaaa9-b750-443f-81da-44f156a23bb6" class="dali-block" data-block-type="epages.productslider" style="background-color:transparent;background-origin:border-box"><div class="dali-grid-row"><div class="dali-grid-column"><div class="dali-grid-element"><div class="dali-grid-element-wrapper"><div class="dali-plugin-text"><div class="dali-plugin-text-content"><h2>Über 50 Salz Spezialitäten aus aller Welt</h2></div></div></div></div><div><div class="dali-grid-element"><div class="dali-grid-element-wrapper"><div class="product-slider"><div style="--slide-width: 220px;"><div class="swiper-container swiper-container-initialized swiper-container-horizontal swiper-container-pointer-events" style="cursor: grab;"><div class="swiper-wrapper product-item-list grid-col-s" id="swiper-wrapper-e2f1113f573ea1022" aria-live="polite" style="transform: translate3d(0px, 0px, 0px);"><div class="swiper-slide product-item-list-swiper-slide swiper-slide-active" style="width: 220px; margin-right: 30px;"><div class="product-item" itemscope="" itemtype="http://schema.org/Product"><meta itemprop="sku" content="2018966"><meta itemprop="gtin13" content="4260588740071"><meta itemprop="image" content="/storage/images/image?remote=https%3A%2F%2Fmadavanilla.de%2FWebRoot%2FStore7%2FShops%2F6390bf67-3db7-4989-81d2-fd1d1df38751%2F5AD7%2F1B1A%2F3C03%2F689D%2F7857%2F0A48%2F3620%2FFC07%2Fluisenhallerkgneu.jpeg&amp;shop=6390bf67-3db7-4989-81d2-fd1d1df38751&amp;width=600&amp;height=2560"><a itemprop="url" class="product-item-link" href="/p/1kg-luisenhaller-tiefensalz-fein-papierbeutel"><div class="product-item-image-container"><img class="lazyload product-item-image" data-src="/storage/images/image?remote=https%3A%2F%2Fmadavanilla.de%2FWebRoot%2FStore7%2FShops%2F6390bf67-3db7-4989-81d2-fd1d1df38751%2F5AD7%2F1B1A%2F3C03%2F689D%2F7857%2F0A48%2F3620%2FFC07%2Fluisenhallerkgneu.jpeg&amp;shop=6390bf67-3db7-4989-81d2-fd1d1df38751&amp;width={width}&amp;height=2560" data-sizes="auto" alt="1kg Luisenhaller Tiefensalz FEIN - Papierbeutel" decoding="async" width="500" height="500"><noscript></noscript></div><h2 class="product-item-title" itemprop="name">1kg Luisenhaller Tiefensalz FEIN - Papierbeutel</h2></a><div class="product-item-info-box"><div class="product-item-price no-stock-level"><div itemscope="" itemprop="offers" itemtype="http://schema.org/Offer"><meta itemprop="url" content="/p/1kg-luisenhaller-tiefensalz-fein-papierbeutel"><meta itemprop="price" content="6.99"><meta itemprop="priceCurrency" content="EUR"><link itemprop="itemCondition" href="http://schema.org/NewCondition"></div><span class="product-item-price-reference">(1 kg = 6,99 €)</span><h3 class="product-item-price-new">6,99 €</h3></div></div></div></div><div class="swiper-slide product-item-list-swiper-slide swiper-slide-next" style="width: 220px; margin-right: 30px;"><div class="product-item" itemscope="" itemtype="http://schema.org/Product"><meta itemprop="sku" content="96"><meta itemprop="image" content="/storage/images/image?remote=https%3A%2F%2Fmadavanilla.de%2FWebRoot%2FStore7%2FShops%2F6390bf67-3db7-4989-81d2-fd1d1df38751%2F61EF%2FA4E9%2F2949%2F2B6C%2F3340%2F0A48%2F352B%2F03D6%2FFleur-de-Sel.JPG&amp;shop=6390bf67-3db7-4989-81d2-fd1d1df38751&amp;width=600&amp;height=2560"><a itemprop="url" class="product-item-link" href="/p/50g-fleur-de-sel"><div class="product-item-image-container"><img class="lazyload product-item-image" data-src="/storage/images/image?remote=https%3A%2F%2Fmadavanilla.de%2FWebRoot%2FStore7%2FShops%2F6390bf67-3db7-4989-81d2-fd1d1df38751%2F61EF%2FA4E9%2F2949%2F2B6C%2F3340%2F0A48%2F352B%2F03D6%2FFleur-de-Sel.JPG&amp;shop=6390bf67-3db7-4989-81d2-fd1d1df38751&amp;width={width}&amp;height=2560" data-sizes="auto" alt="50g Fleur de Sel" decoding="async" width="1080" height="1080"><noscript></noscript></div><h2 class="product-item-title" itemprop="name">50g Fleur de Sel</h2></a><div class="product-item-info-box"><div class="product-item-price no-stock-level"><div itemscope="" itemprop="offers" itemtype="http://schema.org/Offer"><meta itemprop="url" content="/p/50g-fleur-de-sel"><meta itemprop="price" content="2.5"><meta itemprop="priceCurrency" content="EUR"><link itemprop="itemCondition" href="http://schema.org/NewCondition"></div><span class="product-item-price-reference">(1 kg = 50,00 €)</span><h3 class="product-item-price-new">2,50 €</h3></div></div></div></div><div class="swiper-slide product-item-list-swiper-slide" style="width: 220px; margin-right: 30px;"><div class="product-item" itemscope="" itemtype="http://schema.org/Product"><meta itemprop="sku" content="20212243"><meta itemprop="gtin13" content="4260588744994"><meta itemprop="image" content="/storage/images/image?remote=https%3A%2F%2Fmadavanilla.de%2FWebRoot%2FStore7%2FShops%2F6390bf67-3db7-4989-81d2-fd1d1df38751%2F6033%2FA72D%2F1990%2FE247%2FFBE2%2F0A48%2F353C%2F9325%2FIbizafleur.JPG&amp;shop=6390bf67-3db7-4989-81d2-fd1d1df38751&amp;width=600&amp;height=2560"><a itemprop="url" class="product-item-link" href="/p/sal-de-ibiza-fleur-de-sel-der-nachfuellpack-im-braunen-beutel-150g"><div class="product-item-image-container"><img class="lazyload product-item-image" data-src="/storage/images/image?remote=https%3A%2F%2Fmadavanilla.de%2FWebRoot%2FStore7%2FShops%2F6390bf67-3db7-4989-81d2-fd1d1df38751%2F6033%2FA72D%2F1990%2FE247%2FFBE2%2F0A48%2F353C%2F9325%2FIbizafleur.JPG&amp;shop=6390bf67-3db7-4989-81d2-fd1d1df38751&amp;width={width}&amp;height=2560" data-sizes="auto" alt="Sal de Ibiza - Fleur de Sel - der Nachfüllpack im braunen Beutel 150g" decoding="async" width="864" height="1080"><noscript></noscript></div><h2 class="product-item-title" itemprop="name">Sal de Ibiza - Fleur de Sel - der Nachfüllpack im braunen Beutel 150g</h2></a><div class="product-item-info-box"><div class="product-item-price no-stock-level"><div itemscope="" itemprop="offers" itemtype="http://schema.org/Offer"><meta itemprop="url" content="/p/sal-de-ibiza-fleur-de-sel-der-nachfuellpack-im-braunen-beutel-150g"><meta itemprop="price" content="9.99"><meta itemprop="priceCurrency" content="EUR"><link itemprop="itemCondition" href="http://schema.org/NewCondition"></div><span class="product-item-price-reference">(1 kg = 66,60 €)</span><h3 class="product-item-price-new">9,99 €</h3></div></div></div></div><div class="swiper-slide product-item-list-swiper-slide" style="width: 220px; margin-right: 30px;"><div class="product-item" itemscope="" itemtype="http://schema.org/Product"><meta itemprop="sku" content="2016268"><meta itemprop="gtin13" content="4260355396586"><meta itemprop="image" content="/storage/images/image?remote=https%3A%2F%2Fmadavanilla.de%2FWebRoot%2FStore7%2FShops%2F6390bf67-3db7-4989-81d2-fd1d1df38751%2F569F%2F753F%2F7E65%2F3184%2F2F99%2F0A48%2F3521%2F563B%2FPyramidblack.JPG&amp;shop=6390bf67-3db7-4989-81d2-fd1d1df38751&amp;width=600&amp;height=2560"><a itemprop="url" class="product-item-link" href="/p/50g-pyramidenflocken-black-schwarzes-pyramidensalz-black-pyramid"><div class="product-item-image-container"><img class="lazyload product-item-image" data-src="/storage/images/image?remote=https%3A%2F%2Fmadavanilla.de%2FWebRoot%2FStore7%2FShops%2F6390bf67-3db7-4989-81d2-fd1d1df38751%2F569F%2F753F%2F7E65%2F3184%2F2F99%2F0A48%2F3521%2F563B%2FPyramidblack.JPG&amp;shop=6390bf67-3db7-4989-81d2-fd1d1df38751&amp;width={width}&amp;height=2560" data-sizes="auto" alt="50g Pyramidenflocken Black - Schwarzes Pyramidensalz Black Pyramid" decoding="async" width="1080" height="1080"><noscript></noscript></div><h2 class="product-item-title" itemprop="name">50g Pyramidenflocken Black - Schwarzes Pyramidensalz Black Pyramid</h2></a><div class="product-item-info-box"><div class="product-item-price no-stock-level"><div itemscope="" itemprop="offers" itemtype="http://schema.org/Offer"><meta itemprop="url" content="/p/50g-pyramidenflocken-black-schwarzes-pyramidensalz-black-pyramid"><meta itemprop="price" content="2.5"><meta itemprop="priceCurrency" content="EUR"><link itemprop="itemCondition" href="http://schema.org/NewCondition"></div><span class="product-item-price-reference">(1 kg = 50,00 €)</span><h3 class="product-item-price-new">2,50 €</h3></div></div></div></div><div class="swiper-slide product-item-list-swiper-slide" style="width: 220px; margin-right: 30px;"><div class="product-item" itemscope="" itemtype="http://schema.org/Product"><meta itemprop="sku" content="201563"><meta itemprop="image" content="/storage/images/image?remote=https%3A%2F%2Fmadavanilla.de%2FWebRoot%2FStore7%2FShops%2F6390bf67-3db7-4989-81d2-fd1d1df38751%2F54ED%2F9C9B%2F3B7A%2F7549%2FCFC4%2F0A48%2F3521%2FA619%2Febony.jpg&amp;shop=6390bf67-3db7-4989-81d2-fd1d1df38751&amp;width=600&amp;height=2560"><a itemprop="url" class="product-item-link" href="/p/50g-ebony-und-ivory-salzperlen-und-begpfeffer-mischung"><div class="product-item-image-container"><img class="lazyload product-item-image" data-src="/storage/images/image?remote=https%3A%2F%2Fmadavanilla.de%2FWebRoot%2FStore7%2FShops%2F6390bf67-3db7-4989-81d2-fd1d1df38751%2F54ED%2F9C9B%2F3B7A%2F7549%2FCFC4%2F0A48%2F3521%2FA619%2Febony.jpg&amp;shop=6390bf67-3db7-4989-81d2-fd1d1df38751&amp;width={width}&amp;height=2560" data-sizes="auto" alt="50g Ebony &amp; Ivory - Salzperlen und Begpfeffer Mischung" decoding="async" width="1080" height="1080"><noscript></noscript></div><h2 class="product-item-title" itemprop="name">50g Ebony &amp; Ivory - Salzperlen und Begpfeffer Mischung</h2></a><div class="product-item-info-box"><div class="product-item-price no-stock-level"><div itemscope="" itemprop="offers" itemtype="http://schema.org/Offer"><meta itemprop="url" content="/p/50g-ebony-und-ivory-salzperlen-und-begpfeffer-mischung"><meta itemprop="price" content="2.5"><meta itemprop="priceCurrency" content="EUR"><link itemprop="itemCondition" href="http://schema.org/NewCondition"></div><span class="product-item-price-reference">(1 kg = 50,00 €)</span><h3 class="product-item-price-new">2,50 €</h3></div></div></div></div><div class="swiper-slide product-item-list-swiper-slide" style="width: 220px; margin-right: 30px;"><div class="product-item" itemscope="" itemtype="http://schema.org/Product"><meta itemprop="sku" content="2017700"><meta itemprop="gtin13" content="4260355398825"><meta itemprop="image" content="/storage/images/image?remote=https%3A%2F%2Fmadavanilla.de%2FWebRoot%2FStore7%2FShops%2F6390bf67-3db7-4989-81d2-fd1d1df38751%2F595E%2F4172%2F1720%2FE49B%2F6913%2F0A48%2F3521%2F5ADC%2FCrazysalt.JPG&amp;shop=6390bf67-3db7-4989-81d2-fd1d1df38751&amp;width=600&amp;height=2560"><a itemprop="url" class="product-item-link" href="/p/50g-crazy-salt-franzoesische-art"><div class="product-item-image-container"><img class="lazyload product-item-image" data-src="/storage/images/image?remote=https%3A%2F%2Fmadavanilla.de%2FWebRoot%2FStore7%2FShops%2F6390bf67-3db7-4989-81d2-fd1d1df38751%2F595E%2F4172%2F1720%2FE49B%2F6913%2F0A48%2F3521%2F5ADC%2FCrazysalt.JPG&amp;shop=6390bf67-3db7-4989-81d2-fd1d1df38751&amp;width={width}&amp;height=2560" data-sizes="auto" alt="50g Crazy Salt - französische Art" decoding="async" width="1080" height="1080"><noscript></noscript></div><h2 class="product-item-title" itemprop="name">50g Crazy Salt - französische Art</h2></a><div class="product-item-info-box"><div class="product-item-price no-stock-level"><div itemscope="" itemprop="offers" itemtype="http://schema.org/Offer"><meta itemprop="url" content="/p/50g-crazy-salt-franzoesische-art"><meta itemprop="price" content="2.5"><meta itemprop="priceCurrency" content="EUR"><link itemprop="itemCondition" href="http://schema.org/NewCondition"></div><span class="product-item-price-reference">(1 kg = 50,00 €)</span><h3 class="product-item-price-new">2,50 €</h3></div></div></div></div><div class="swiper-slide product-item-list-swiper-slide" style="width: 220px; margin-right: 30px;"><div class="product-item" itemscope="" itemtype="http://schema.org/Product"><meta itemprop="sku" content="2017699"><meta itemprop="gtin13" content="4260355398832"><meta itemprop="image" content="/storage/images/image?remote=https%3A%2F%2Fmadavanilla.de%2FWebRoot%2FStore7%2FShops%2F6390bf67-3db7-4989-81d2-fd1d1df38751%2F595E%2F40AD%2FF375%2F0B1D%2F5F01%2F0A48%2F3521%2FCE8C%2FRoasted.JPG&amp;shop=6390bf67-3db7-4989-81d2-fd1d1df38751&amp;width=600&amp;height=2560"><a itemprop="url" class="product-item-link" href="/p/50g-geroestetes-gewuerzsalz-franzoesische-art"><div class="product-item-image-container"><img class="lazyload product-item-image" data-src="/storage/images/image?remote=https%3A%2F%2Fmadavanilla.de%2FWebRoot%2FStore7%2FShops%2F6390bf67-3db7-4989-81d2-fd1d1df38751%2F595E%2F40AD%2FF375%2F0B1D%2F5F01%2F0A48%2F3521%2FCE8C%2FRoasted.JPG&amp;shop=6390bf67-3db7-4989-81d2-fd1d1df38751&amp;width={width}&amp;height=2560" data-sizes="auto" alt="50g Geröstetes Gewürzsalz - französische Art" decoding="async" width="1080" height="1080"><noscript></noscript></div><h2 class="product-item-title" itemprop="name">50g Geröstetes Gewürzsalz - französische Art</h2></a><div class="product-item-info-box"><div class="product-item-price no-stock-level"><div itemscope="" itemprop="offers" itemtype="http://schema.org/Offer"><meta itemprop="url" content="/p/50g-geroestetes-gewuerzsalz-franzoesische-art"><meta itemprop="price" content="2.5"><meta itemprop="priceCurrency" content="EUR"><link itemprop="itemCondition" href="http://schema.org/NewCondition"></div><span class="product-item-price-reference">(1 kg = 50,00 €)</span><h3 class="product-item-price-new">2,50 €</h3></div></div></div></div><div class="swiper-slide product-item-list-swiper-slide" style="width: 220px; margin-right: 30px;"><div class="product-item" itemscope="" itemtype="http://schema.org/Product"><meta itemprop="sku" content="1574"><meta itemprop="image" content="/storage/images/image?remote=https%3A%2F%2Fmadavanilla.de%2FWebRoot%2FStore7%2FShops%2F6390bf67-3db7-4989-81d2-fd1d1df38751%2F5435%2F17B4%2F8DD6%2FB84D%2FA35D%2F0A48%2F3525%2F6408%2FMaldon.png&amp;shop=6390bf67-3db7-4989-81d2-fd1d1df38751&amp;width=600&amp;height=2560"><a itemprop="url" class="product-item-link" href="/p/250g-maldon-sea-salt-flakes-meersalzflocken-salz"><div class="product-item-image-container"><img class="lazyload product-item-image" data-src="/storage/images/image?remote=https%3A%2F%2Fmadavanilla.de%2FWebRoot%2FStore7%2FShops%2F6390bf67-3db7-4989-81d2-fd1d1df38751%2F5435%2F17B4%2F8DD6%2FB84D%2FA35D%2F0A48%2F3525%2F6408%2FMaldon.png&amp;shop=6390bf67-3db7-4989-81d2-fd1d1df38751&amp;width={width}&amp;height=2560" data-sizes="auto" alt="250g Maldon Sea Salt Flakes, Meersalzflocken, Salz" decoding="async" width="365" height="560"><noscript></noscript></div><h2 class="product-item-title" itemprop="name">250g Maldon Sea Salt Flakes, Meersalzflocken, Salz</h2></a><div class="product-item-info-box"><div class="product-item-price no-stock-level"><div itemscope="" itemprop="offers" itemtype="http://schema.org/Offer"><meta itemprop="url" content="/p/250g-maldon-sea-salt-flakes-meersalzflocken-salz"><meta itemprop="price" content="6.95"><meta itemprop="priceCurrency" content="EUR"><link itemprop="itemCondition" href="http://schema.org/NewCondition"></div><span class="product-item-price-reference">(1 kg = 27,80 €)</span><h3 class="product-item-price-new">6,95 €</h3></div></div></div></div><div class="swiper-slide product-item-list-swiper-slide" style="width: 220px; margin-right: 30px;"><div class="product-item" itemscope="" itemtype="http://schema.org/Product"><meta itemprop="sku" content="1807"><meta itemprop="image" content="/storage/images/image?remote=https%3A%2F%2Fmadavanilla.de%2FWebRoot%2FStore7%2FShops%2F6390bf67-3db7-4989-81d2-fd1d1df38751%2F61EF%2FA093%2FD64B%2F375E%2F09A7%2F0A48%2F352B%2F0322%2F034748162282.png&amp;shop=6390bf67-3db7-4989-81d2-fd1d1df38751&amp;width=600&amp;height=2560"><a itemprop="url" class="product-item-link" href="/p/50g-trueffelsalz-mit-bio-trueffel-meersalz-mit-trueffel"><div class="product-item-image-container"><img class="lazyload product-item-image" data-src="/storage/images/image?remote=https%3A%2F%2Fmadavanilla.de%2FWebRoot%2FStore7%2FShops%2F6390bf67-3db7-4989-81d2-fd1d1df38751%2F61EF%2FA093%2FD64B%2F375E%2F09A7%2F0A48%2F352B%2F0322%2F034748162282.png&amp;shop=6390bf67-3db7-4989-81d2-fd1d1df38751&amp;width={width}&amp;height=2560" data-sizes="auto" alt="50g Trüffelsalz mit Bio Trüffel - Meersalz mit Trüffel" decoding="async" width="500" height="375"><noscript></noscript></div><h2 class="product-item-title" itemprop="name">50g Trüffelsalz mit Bio Trüffel - Meersalz mit Trüffel</h2></a><div class="product-item-info-box"><div class="product-item-price no-stock-level"><div itemscope="" itemprop="offers" itemtype="http://schema.org/Offer"><meta itemprop="url" content="/p/50g-trueffelsalz-mit-bio-trueffel-meersalz-mit-trueffel"><meta itemprop="price" content="3"><meta itemprop="priceCurrency" content="EUR"><link itemprop="itemCondition" href="http://schema.org/NewCondition"></div><span class="product-item-price-reference">(1 kg = 60,00 €)</span><h3 class="product-item-price-new">3,00 €</h3></div></div></div></div><div class="swiper-slide product-item-list-swiper-slide" style="width: 220px; margin-right: 30px;"><div class="product-item" itemscope="" itemtype="http://schema.org/Product"><meta itemprop="sku" content="272"><meta itemprop="image" content="/storage/images/image?remote=https%3A%2F%2Fmadavanilla.de%2FWebRoot%2FStore7%2FShops%2F6390bf67-3db7-4989-81d2-fd1d1df38751%2F61EF%2FA391%2F865B%2F7F2E%2F2EB4%2F0A48%2F352B%2F038F%2FHickory2021.JPG&amp;shop=6390bf67-3db7-4989-81d2-fd1d1df38751&amp;width=600&amp;height=2560"><a itemprop="url" class="product-item-link" href="/p/50g-rauchsalz-hickory-salt"><div class="product-item-image-container"><img class="lazyload product-item-image" data-src="/storage/images/image?remote=https%3A%2F%2Fmadavanilla.de%2FWebRoot%2FStore7%2FShops%2F6390bf67-3db7-4989-81d2-fd1d1df38751%2F61EF%2FA391%2F865B%2F7F2E%2F2EB4%2F0A48%2F352B%2F038F%2FHickory2021.JPG&amp;shop=6390bf67-3db7-4989-81d2-fd1d1df38751&amp;width={width}&amp;height=2560" data-sizes="auto" alt="50g Rauchsalz - Hickory Salt" decoding="async" width="864" height="1080"><noscript></noscript></div><h2 class="product-item-title" itemprop="name">50g Rauchsalz - Hickory Salt</h2></a><div class="product-item-info-box"><div class="product-item-price no-stock-level"><div itemscope="" itemprop="offers" itemtype="http://schema.org/Offer"><meta itemprop="url" content="/p/50g-rauchsalz-hickory-salt"><meta itemprop="price" content="2.5"><meta itemprop="priceCurrency" content="EUR"><link itemprop="itemCondition" href="http://schema.org/NewCondition"></div><span class="product-item-price-reference">(1 kg = 50,00 €)</span><h3 class="product-item-price-new">2,50 €</h3></div></div></div></div><div class="swiper-slide product-item-list-swiper-slide" style="width: 220px; margin-right: 30px;"><div class="product-item" itemscope="" itemtype="http://schema.org/Product"><meta itemprop="sku" content="140"><meta itemprop="image" content="/storage/images/image?remote=https%3A%2F%2Fmadavanilla.de%2FWebRoot%2FStore7%2FShops%2F6390bf67-3db7-4989-81d2-fd1d1df38751%2F61EF%2F9FC9%2F0161%2F6327%2FBF00%2F0A48%2F352B%2F03D5%2FDanish-smoked-salz.JPG&amp;shop=6390bf67-3db7-4989-81d2-fd1d1df38751&amp;width=600&amp;height=2560"><a itemprop="url" class="product-item-link" href="/p/50g-danish-smoked-salz"><div class="product-item-image-container"><img class="lazyload product-item-image" data-src="/storage/images/image?remote=https%3A%2F%2Fmadavanilla.de%2FWebRoot%2FStore7%2FShops%2F6390bf67-3db7-4989-81d2-fd1d1df38751%2F61EF%2F9FC9%2F0161%2F6327%2FBF00%2F0A48%2F352B%2F03D5%2FDanish-smoked-salz.JPG&amp;shop=6390bf67-3db7-4989-81d2-fd1d1df38751&amp;width={width}&amp;height=2560" data-sizes="auto" alt="50g Danish smoked Salz" decoding="async" width="1080" height="1080"><noscript></noscript></div><h2 class="product-item-title" itemprop="name">50g Danish smoked Salz</h2></a><div class="product-item-info-box"><div class="product-item-price no-stock-level"><div itemscope="" itemprop="offers" itemtype="http://schema.org/Offer"><meta itemprop="url" content="/p/50g-danish-smoked-salz"><meta itemprop="price" content="2.5"><meta itemprop="priceCurrency" content="EUR"><link itemprop="itemCondition" href="http://schema.org/NewCondition"></div><span class="product-item-price-reference">(1 kg = 50,00 €)</span><h3 class="product-item-price-new">2,50 €</h3></div></div></div></div><div class="swiper-slide product-item-list-swiper-slide product-item-list-items empty-product" style="width: 220px; margin-right: 30px;"></div><div class="swiper-slide product-item-list-swiper-slide product-item-list-items empty-product" style="width: 220px; margin-right: 30px;"></div><div class="swiper-slide product-item-list-swiper-slide product-item-list-items empty-product" style="width: 220px; margin-right: 30px;"></div><div class="swiper-slide product-item-list-swiper-slide product-item-list-items empty-product" style="width: 220px; margin-right: 30px;"></div></div><span class="swiper-notification" aria-live="assertive" aria-atomic="true"></span></div><div class="swiper-arrows grid-col-s"><div class="swiper-arrow-right" tabindex="0" role="button" aria-label="Next slide" aria-controls="swiper-wrapper-e2f1113f573ea1022" aria-disabled="false"></div><div class="swiper-arrow-left swiper-button-disabled" tabindex="-1" role="button" aria-label="Previous slide" aria-controls="swiper-wrapper-e2f1113f573ea1022" aria-disabled="true"></div></div></div></div></div></div></div></div></div></div><div id="block-e2f050e5-bef7-43d9-861f-bad8bffa85ae" data-testid="block-e2f050e5-bef7-43d9-861f-bad8bffa85ae" class="dali-block" data-block-type="epages.productslider" style="background-color:transparent;background-origin:border-box"><div class="dali-grid-row"><div class="dali-grid-column"><div class="dali-grid-element"><div class="dali-grid-element-wrapper"><div class="dali-plugin-text"><div class="dali-plugin-text-content"><h2>Trockenobst Highlights, z.B.</h2></div></div></div></div><div><div class="dali-grid-element"><div class="dali-grid-element-wrapper"><div class="product-slider"><div style="--slide-width: 220px;"><div class="swiper-container swiper-container-initialized swiper-container-horizontal swiper-container-pointer-events" style="cursor: grab;"><div class="swiper-wrapper product-item-list grid-col-s" id="swiper-wrapper-e2b2256b2f1170d10" aria-live="polite" style="transform: translate3d(0px, 0px, 0px);"><div class="swiper-slide product-item-list-swiper-slide swiper-slide-active" style="width: 220px; margin-right: 30px;"><div class="product-item" itemscope="" itemtype="http://schema.org/Product"><meta itemprop="sku" content="1182"><meta itemprop="image" content="/storage/images/image?remote=https%3A%2F%2Fmadavanilla.de%2FWebRoot%2FStore7%2FShops%2F6390bf67-3db7-4989-81d2-fd1d1df38751%2F5435%2F1BF9%2FDA9F%2F0C18%2FF1A8%2F0A48%2F3525%2F644F%2FErdbeeren-gefriergetrocknet.JPG&amp;shop=6390bf67-3db7-4989-81d2-fd1d1df38751&amp;width=600&amp;height=2560"><a itemprop="url" class="product-item-link" href="/p/erdbeeren-gefriergetrocknet-50g"><div class="product-item-image-container"><img class="lazyload product-item-image" data-src="/storage/images/image?remote=https%3A%2F%2Fmadavanilla.de%2FWebRoot%2FStore7%2FShops%2F6390bf67-3db7-4989-81d2-fd1d1df38751%2F5435%2F1BF9%2FDA9F%2F0C18%2FF1A8%2F0A48%2F3525%2F644F%2FErdbeeren-gefriergetrocknet.JPG&amp;shop=6390bf67-3db7-4989-81d2-fd1d1df38751&amp;width={width}&amp;height=2560" data-sizes="auto" alt="Erdbeeren - gefriergetrocknet 50g" decoding="async" width="1080" height="1080"><noscript></noscript></div><h2 class="product-item-title" itemprop="name">Erdbeeren - gefriergetrocknet 50g</h2></a><div class="product-item-info-box"><div class="product-item-price no-stock-level"><div itemscope="" itemprop="offers" itemtype="http://schema.org/Offer"><meta itemprop="url" content="/p/erdbeeren-gefriergetrocknet-50g"><meta itemprop="price" content="6.5"><meta itemprop="priceCurrency" content="EUR"><link itemprop="itemCondition" href="http://schema.org/NewCondition"></div><span class="product-item-price-reference">(1 kg = 130,00 €)</span><h3 class="product-item-price-new">6,50 €</h3></div></div></div></div><div class="swiper-slide product-item-list-swiper-slide swiper-slide-next" style="width: 220px; margin-right: 30px;"><div class="product-item" itemscope="" itemtype="http://schema.org/Product"><meta itemprop="sku" content="1699"><meta itemprop="image" content="/storage/images/image?remote=https%3A%2F%2Fmadavanilla.de%2FWebRoot%2FStore7%2FShops%2F6390bf67-3db7-4989-81d2-fd1d1df38751%2F5435%2F19D0%2FE68C%2F4AD4%2F3B1D%2F0A48%2F3525%2F6428%2F907038901679.png&amp;shop=6390bf67-3db7-4989-81d2-fd1d1df38751&amp;width=600&amp;height=2560"><a itemprop="url" class="product-item-link" href="/p/ingwer-natur-100g"><div class="product-item-image-container"><img class="lazyload product-item-image" data-src="/storage/images/image?remote=https%3A%2F%2Fmadavanilla.de%2FWebRoot%2FStore7%2FShops%2F6390bf67-3db7-4989-81d2-fd1d1df38751%2F5435%2F19D0%2FE68C%2F4AD4%2F3B1D%2F0A48%2F3525%2F6428%2F907038901679.png&amp;shop=6390bf67-3db7-4989-81d2-fd1d1df38751&amp;width={width}&amp;height=2560" data-sizes="auto" alt="Ingwer natur - 100g" decoding="async" width="500" height="365"><noscript></noscript></div><h2 class="product-item-title" itemprop="name">Ingwer natur - 100g</h2></a><div class="product-item-info-box"><div class="product-item-price no-stock-level"><div itemscope="" itemprop="offers" itemtype="http://schema.org/Offer"><meta itemprop="url" content="/p/ingwer-natur-100g"><meta itemprop="price" content="3.99"><meta itemprop="priceCurrency" content="EUR"><link itemprop="itemCondition" href="http://schema.org/NewCondition"></div><span class="product-item-price-reference">(1 kg = 39,90 €)</span><h3 class="product-item-price-new">3,99 €</h3></div></div></div></div><div class="swiper-slide product-item-list-swiper-slide" style="width: 220px; margin-right: 30px;"><div class="product-item" itemscope="" itemtype="http://schema.org/Product"><meta itemprop="sku" content="20201916"><meta itemprop="gtin13" content="4260588744291"><meta itemprop="image" content="/storage/images/image?remote=https%3A%2F%2Fmadavanilla.de%2FWebRoot%2FStore7%2FShops%2F6390bf67-3db7-4989-81d2-fd1d1df38751%2F5F3F%2F9E1F%2FB822%2FA267%2FA4BE%2F0A48%2F3521%2F69D1%2FOrangenkandiert.JPG&amp;shop=6390bf67-3db7-4989-81d2-fd1d1df38751&amp;width=600&amp;height=2560"><a itemprop="url" class="product-item-link" href="/p/orangenscheiben-kandiert-und-glasiert-100g"><div class="product-item-image-container"><img class="lazyload product-item-image" data-src="/storage/images/image?remote=https%3A%2F%2Fmadavanilla.de%2FWebRoot%2FStore7%2FShops%2F6390bf67-3db7-4989-81d2-fd1d1df38751%2F5F3F%2F9E1F%2FB822%2FA267%2FA4BE%2F0A48%2F3521%2F69D1%2FOrangenkandiert.JPG&amp;shop=6390bf67-3db7-4989-81d2-fd1d1df38751&amp;width={width}&amp;height=2560" data-sizes="auto" alt="Orangenscheiben kandiert und glasiert 100g" decoding="async" width="864" height="1080"><noscript></noscript></div><h2 class="product-item-title" itemprop="name">Orangenscheiben kandiert und glasiert 100g</h2></a><div class="product-item-info-box"><div class="product-item-price no-stock-level"><div itemscope="" itemprop="offers" itemtype="http://schema.org/Offer"><meta itemprop="url" content="/p/orangenscheiben-kandiert-und-glasiert-100g"><meta itemprop="price" content="3.99"><meta itemprop="priceCurrency" content="EUR"><link itemprop="itemCondition" href="http://schema.org/NewCondition"></div><span class="product-item-price-reference">(1 kg = 39,90 €)</span><h3 class="product-item-price-new">3,99 €</h3></div></div></div></div><div class="swiper-slide product-item-list-swiper-slide" style="width: 220px; margin-right: 30px;"><div class="product-item" itemscope="" itemtype="http://schema.org/Product"><meta itemprop="sku" content="492"><meta itemprop="image" content="/storage/images/image?remote=https%3A%2F%2Fmadavanilla.de%2FWebRoot%2FStore7%2FShops%2F6390bf67-3db7-4989-81d2-fd1d1df38751%2F5435%2F039C%2FBC06%2FEC8E%2F2308%2F0A48%2F3525%2F648A%2FAnanasringe.JPG&amp;shop=6390bf67-3db7-4989-81d2-fd1d1df38751&amp;width=600&amp;height=2560"><a itemprop="url" class="product-item-link" href="/p/ananasringe-200g-ananas-scheiben"><div class="product-item-image-container"><img class="lazyload product-item-image" data-src="/storage/images/image?remote=https%3A%2F%2Fmadavanilla.de%2FWebRoot%2FStore7%2FShops%2F6390bf67-3db7-4989-81d2-fd1d1df38751%2F5435%2F039C%2FBC06%2FEC8E%2F2308%2F0A48%2F3525%2F648A%2FAnanasringe.JPG&amp;shop=6390bf67-3db7-4989-81d2-fd1d1df38751&amp;width={width}&amp;height=2560" data-sizes="auto" alt="Ananasringe 200g - Ananas Scheiben" decoding="async" width="1080" height="1080"><noscript></noscript></div><h2 class="product-item-title" itemprop="name">Ananasringe 200g - Ananas Scheiben</h2></a><div class="product-item-info-box"><div class="product-item-price no-stock-level"><div itemscope="" itemprop="offers" itemtype="http://schema.org/Offer"><meta itemprop="url" content="/p/ananasringe-200g-ananas-scheiben"><meta itemprop="price" content="5.99"><meta itemprop="priceCurrency" content="EUR"><link itemprop="itemCondition" href="http://schema.org/NewCondition"></div><span class="product-item-price-reference">(1 kg = 29,95 €)</span><h3 class="product-item-price-new">5,99 €</h3></div></div></div></div><div class="swiper-slide product-item-list-swiper-slide" style="width: 220px; margin-right: 30px;"><div class="product-item" itemscope="" itemtype="http://schema.org/Product"><meta itemprop="sku" content="510"><meta itemprop="image" content="/storage/images/image?remote=https%3A%2F%2Fmadavanilla.de%2FWebRoot%2FStore7%2FShops%2F6390bf67-3db7-4989-81d2-fd1d1df38751%2F5435%2F03C5%2F8B28%2F13D8%2FFE5F%2F0A48%2F3525%2F64E2%2F662378318799.jpeg&amp;shop=6390bf67-3db7-4989-81d2-fd1d1df38751&amp;width=600&amp;height=2560"><a itemprop="url" class="product-item-link" href="/p/mangoscheiben-fancy-naturell-200g"><div class="product-item-image-container"><img class="lazyload product-item-image" data-src="/storage/images/image?remote=https%3A%2F%2Fmadavanilla.de%2FWebRoot%2FStore7%2FShops%2F6390bf67-3db7-4989-81d2-fd1d1df38751%2F5435%2F03C5%2F8B28%2F13D8%2FFE5F%2F0A48%2F3525%2F64E2%2F662378318799.jpeg&amp;shop=6390bf67-3db7-4989-81d2-fd1d1df38751&amp;width={width}&amp;height=2560" data-sizes="auto" alt="Mangoscheiben fancy naturell - 200g" decoding="async" width="400" height="301"><noscript></noscript></div><h2 class="product-item-title" itemprop="name">Mangoscheiben fancy naturell - 200g</h2></a><div class="product-item-info-box"><div class="product-item-price no-stock-level"><div itemscope="" itemprop="offers" itemtype="http://schema.org/Offer"><meta itemprop="url" content="/p/mangoscheiben-fancy-naturell-200g"><meta itemprop="price" content="5.95"><meta itemprop="priceCurrency" content="EUR"><link itemprop="itemCondition" href="http://schema.org/NewCondition"></div><span class="product-item-price-reference">(1 kg = 29,75 €)</span><h3 class="product-item-price-new">5,95 €</h3></div></div></div></div><div class="swiper-slide product-item-list-swiper-slide" style="width: 220px; margin-right: 30px;"><div class="product-item" itemscope="" itemtype="http://schema.org/Product"><meta itemprop="sku" content="373"><meta itemprop="image" content="/storage/images/image?remote=https%3A%2F%2Fmadavanilla.de%2FWebRoot%2FStore7%2FShops%2F6390bf67-3db7-4989-81d2-fd1d1df38751%2F5435%2F039C%2F7F84%2F0609%2FCBE9%2F0A48%2F3525%2F6493%2FStudentenfutter.JPG&amp;shop=6390bf67-3db7-4989-81d2-fd1d1df38751&amp;width=600&amp;height=2560"><a itemprop="url" class="product-item-link" href="/p/studentenfutter-200g"><div class="product-item-image-container"><img class="lazyload product-item-image" data-src="/storage/images/image?remote=https%3A%2F%2Fmadavanilla.de%2FWebRoot%2FStore7%2FShops%2F6390bf67-3db7-4989-81d2-fd1d1df38751%2F5435%2F039C%2F7F84%2F0609%2FCBE9%2F0A48%2F3525%2F6493%2FStudentenfutter.JPG&amp;shop=6390bf67-3db7-4989-81d2-fd1d1df38751&amp;width={width}&amp;height=2560" data-sizes="auto" alt="Studentenfutter, 200g" decoding="async" width="1080" height="1080"><noscript></noscript></div><h2 class="product-item-title" itemprop="name">Studentenfutter, 200g</h2></a><div class="product-item-info-box"><div class="product-item-price no-stock-level"><div itemscope="" itemprop="offers" itemtype="http://schema.org/Offer"><meta itemprop="url" content="/p/studentenfutter-200g"><meta itemprop="price" content="3.95"><meta itemprop="priceCurrency" content="EUR"><link itemprop="itemCondition" href="http://schema.org/NewCondition"></div><span class="product-item-price-reference">(1 kg = 19,75 €)</span><h3 class="product-item-price-new">3,95 €</h3></div></div></div></div><div class="swiper-slide product-item-list-swiper-slide" style="width: 220px; margin-right: 30px;"><div class="product-item" itemscope="" itemtype="http://schema.org/Product"><meta itemprop="sku" content="487"><meta itemprop="image" content="/storage/images/image?remote=https%3A%2F%2Fmadavanilla.de%2FWebRoot%2FStore7%2FShops%2F6390bf67-3db7-4989-81d2-fd1d1df38751%2F5435%2F0394%2F54C7%2F88E7%2FD201%2F0A48%2F3525%2F640F%2FDatteln.JPG&amp;shop=6390bf67-3db7-4989-81d2-fd1d1df38751&amp;width=600&amp;height=2560"><a itemprop="url" class="product-item-link" href="/p/datteln-ohne-stein-hoechste-qualitaet-200g"><div class="product-item-image-container"><img class="lazyload product-item-image" data-src="/storage/images/image?remote=https%3A%2F%2Fmadavanilla.de%2FWebRoot%2FStore7%2FShops%2F6390bf67-3db7-4989-81d2-fd1d1df38751%2F5435%2F0394%2F54C7%2F88E7%2FD201%2F0A48%2F3525%2F640F%2FDatteln.JPG&amp;shop=6390bf67-3db7-4989-81d2-fd1d1df38751&amp;width={width}&amp;height=2560" data-sizes="auto" alt="Datteln - ohne Stein  &quot;höchste Qualität&quot;, 200g" decoding="async" width="1080" height="1080"><noscript></noscript></div><h2 class="product-item-title" itemprop="name">Datteln - ohne Stein  "höchste Qualität", 200g</h2></a><div class="product-item-info-box"><div class="product-item-price no-stock-level"><div itemscope="" itemprop="offers" itemtype="http://schema.org/Offer"><meta itemprop="url" content="/p/datteln-ohne-stein-hoechste-qualitaet-200g"><meta itemprop="price" content="3.95"><meta itemprop="priceCurrency" content="EUR"><link itemprop="itemCondition" href="http://schema.org/NewCondition"></div><span class="product-item-price-reference">(1 kg = 19,75 €)</span><h3 class="product-item-price-new">3,95 €</h3></div></div></div></div><div class="swiper-slide product-item-list-swiper-slide" style="width: 220px; margin-right: 30px;"><div class="product-item" itemscope="" itemtype="http://schema.org/Product"><meta itemprop="sku" content="20212450"><meta itemprop="gtin13" content="4260588745632"><meta itemprop="image" content="/storage/images/image?remote=https%3A%2F%2Fmadavanilla.de%2FWebRoot%2FStore7%2FShops%2F6390bf67-3db7-4989-81d2-fd1d1df38751%2F612F%2F2DBE%2F68DF%2F1B75%2F0A78%2F0A48%2F352C%2F9205%2FKokosnussstreifen.JPG&amp;shop=6390bf67-3db7-4989-81d2-fd1d1df38751&amp;width=600&amp;height=2560"><a itemprop="url" class="product-item-link" href="/p/100g-bio-kokosnuss-streifen-smile-rohkost-kokos-chips"><div class="product-item-image-container"><img class="lazyload product-item-image" data-src="/storage/images/image?remote=https%3A%2F%2Fmadavanilla.de%2FWebRoot%2FStore7%2FShops%2F6390bf67-3db7-4989-81d2-fd1d1df38751%2F612F%2F2DBE%2F68DF%2F1B75%2F0A78%2F0A48%2F352C%2F9205%2FKokosnussstreifen.JPG&amp;shop=6390bf67-3db7-4989-81d2-fd1d1df38751&amp;width={width}&amp;height=2560" data-sizes="auto" alt="100g Bio Kokosnuss Streifen (smile) Rohkost - Kokos Chips" decoding="async" width="864" height="1080"><noscript></noscript></div><h2 class="product-item-title" itemprop="name">100g Bio Kokosnuss Streifen (smile) Rohkost - Kokos Chips</h2></a><div class="product-item-info-box"><div class="product-item-price"><div itemscope="" itemprop="offers" itemtype="http://schema.org/Offer"><meta itemprop="url" content="/p/100g-bio-kokosnuss-streifen-smile-rohkost-kokos-chips"><meta itemprop="price" content="1.99"><meta itemprop="priceCurrency" content="EUR"><link itemprop="availability" href="http://schema.org/InStock"><link itemprop="itemCondition" href="http://schema.org/NewCondition"></div><span class="product-item-price-reference">(1 kg = 19,90 €)</span><h3 class="product-item-price-new">1,99 €</h3></div><div class="product-item-availability"><span class="product-item-availability-icon in-stock-icon"></span><span class="product-item-availability-info">Auf Lager</span></div></div></div></div><div class="swiper-slide product-item-list-swiper-slide" style="width: 220px; margin-right: 30px;"><div class="product-item" itemscope="" itemtype="http://schema.org/Product"><meta itemprop="sku" content="552"><meta itemprop="image" content="/storage/images/image?remote=https%3A%2F%2Fmadavanilla.de%2FWebRoot%2FStore7%2FShops%2F6390bf67-3db7-4989-81d2-fd1d1df38751%2F5435%2F1928%2F6460%2FF865%2FAF43%2F0A48%2F3525%2F6487%2F984902652213.jpeg&amp;shop=6390bf67-3db7-4989-81d2-fd1d1df38751&amp;width=600&amp;height=2560"><a itemprop="url" class="product-item-link" href="/p/blaubeeren-natur-heidelbeeren-getrocknet-100g"><div class="product-item-image-container"><img class="lazyload product-item-image" data-src="/storage/images/image?remote=https%3A%2F%2Fmadavanilla.de%2FWebRoot%2FStore7%2FShops%2F6390bf67-3db7-4989-81d2-fd1d1df38751%2F5435%2F1928%2F6460%2FF865%2FAF43%2F0A48%2F3525%2F6487%2F984902652213.jpeg&amp;shop=6390bf67-3db7-4989-81d2-fd1d1df38751&amp;width={width}&amp;height=2560" data-sizes="auto" alt="Blaubeeren natur Heidelbeeren getrocknet,   100g" decoding="async" width="480" height="383"><noscript></noscript></div><h2 class="product-item-title" itemprop="name">Blaubeeren natur Heidelbeeren getrocknet,   100g</h2></a><div class="product-item-info-box"><div class="product-item-price no-stock-level"><div itemscope="" itemprop="offers" itemtype="http://schema.org/Offer"><meta itemprop="url" content="/p/blaubeeren-natur-heidelbeeren-getrocknet-100g"><meta itemprop="price" content="4.95"><meta itemprop="priceCurrency" content="EUR"><link itemprop="itemCondition" href="http://schema.org/NewCondition"></div><span class="product-item-price-reference">(1 kg = 49,50 €)</span><h3 class="product-item-price-new">4,95 €</h3></div></div></div></div><div class="swiper-slide product-item-list-swiper-slide product-item-list-items empty-product" style="width: 220px; margin-right: 30px;"></div></div><span class="swiper-notification" aria-live="assertive" aria-atomic="true"></span></div><div class="swiper-arrows grid-col-s"><div class="swiper-arrow-right" tabindex="0" role="button" aria-label="Next slide" aria-controls="swiper-wrapper-e2b2256b2f1170d10" aria-disabled="false"></div><div class="swiper-arrow-left swiper-button-disabled" tabindex="-1" role="button" aria-label="Previous slide" aria-controls="swiper-wrapper-e2b2256b2f1170d10" aria-disabled="true"></div></div></div></div></div></div></div></div></div></div><div id="block-ae13677d-13d2-4ed0-8fbd-8c58ecb2b7c5" data-testid="block-ae13677d-13d2-4ed0-8fbd-8c58ecb2b7c5" class="dali-block" data-block-type="epages.productslider" style="background-color:transparent;background-origin:border-box"><div class="dali-grid-row"><div class="dali-grid-column"><div class="dali-grid-element"><div class="dali-grid-element-wrapper"><div class="dali-plugin-text"><div class="dali-plugin-text-content"><h2>Ayurveda Tee (Goldene Milch, Chai, Kurkuma), z.B.</h2></div></div></div></div><div><div class="dali-grid-element"><div class="dali-grid-element-wrapper"><div class="product-slider"><div style="--slide-width: 220px;"><div class="swiper-container swiper-container-initialized swiper-container-horizontal swiper-container-pointer-events" style="cursor: grab;"><div class="swiper-wrapper product-item-list grid-col-s" id="swiper-wrapper-05b213f21f0b816f" aria-live="polite" style="transform: translate3d(0px, 0px, 0px);"><div class="swiper-slide product-item-list-swiper-slide swiper-slide-active" style="width: 220px; margin-right: 30px;"><div class="product-item" itemscope="" itemtype="http://schema.org/Product"><meta itemprop="sku" content="1309"><meta itemprop="image" content="/storage/images/image?remote=https%3A%2F%2Fmadavanilla.de%2FWebRoot%2FStore7%2FShops%2F6390bf67-3db7-4989-81d2-fd1d1df38751%2F5435%2F1104%2F39C6%2FF822%2F08EF%2F0A48%2F3525%2F64BB%2FChai-Tee-Masala.JPG&amp;shop=6390bf67-3db7-4989-81d2-fd1d1df38751&amp;width=600&amp;height=2560"><a itemprop="url" class="product-item-link" href="/p/50g-chai-tee-masala-grobe-mischung"><div class="product-item-image-container"><img class="lazyload product-item-image" data-src="/storage/images/image?remote=https%3A%2F%2Fmadavanilla.de%2FWebRoot%2FStore7%2FShops%2F6390bf67-3db7-4989-81d2-fd1d1df38751%2F5435%2F1104%2F39C6%2FF822%2F08EF%2F0A48%2F3525%2F64BB%2FChai-Tee-Masala.JPG&amp;shop=6390bf67-3db7-4989-81d2-fd1d1df38751&amp;width={width}&amp;height=2560" data-sizes="auto" alt="50g Chai Tee Masala (grobe Mischung)" decoding="async" width="1080" height="1080"><noscript></noscript></div><h2 class="product-item-title" itemprop="name">50g Chai Tee Masala (grobe Mischung)</h2></a><div class="product-item-info-box"><div class="product-item-price no-stock-level"><div itemscope="" itemprop="offers" itemtype="http://schema.org/Offer"><meta itemprop="url" content="/p/50g-chai-tee-masala-grobe-mischung"><meta itemprop="price" content="2.5"><meta itemprop="priceCurrency" content="EUR"><link itemprop="itemCondition" href="http://schema.org/NewCondition"></div><span class="product-item-price-reference">(1 kg = 50,00 €)</span><h3 class="product-item-price-new">2,50 €</h3></div></div></div></div><div class="swiper-slide product-item-list-swiper-slide swiper-slide-next" style="width: 220px; margin-right: 30px;"><div class="product-item" itemscope="" itemtype="http://schema.org/Product"><meta itemprop="sku" content="1096"><meta itemprop="image" content="/storage/images/image?remote=https%3A%2F%2Fmadavanilla.de%2FWebRoot%2FStore7%2FShops%2F6390bf67-3db7-4989-81d2-fd1d1df38751%2F5435%2F0CD5%2F877F%2FA6DA%2F4F08%2F0A48%2F3525%2F6424%2FChai-Kerala.JPG&amp;shop=6390bf67-3db7-4989-81d2-fd1d1df38751&amp;width=600&amp;height=2560"><a itemprop="url" class="product-item-link" href="/p/100g-chai-kerala-schwarzer-tee"><div class="product-item-image-container"><img class="lazyload product-item-image" data-src="/storage/images/image?remote=https%3A%2F%2Fmadavanilla.de%2FWebRoot%2FStore7%2FShops%2F6390bf67-3db7-4989-81d2-fd1d1df38751%2F5435%2F0CD5%2F877F%2FA6DA%2F4F08%2F0A48%2F3525%2F6424%2FChai-Kerala.JPG&amp;shop=6390bf67-3db7-4989-81d2-fd1d1df38751&amp;width={width}&amp;height=2560" data-sizes="auto" alt="100g Chai Kerala - Schwarzer Tee" decoding="async" width="1080" height="1080"><noscript></noscript></div><h2 class="product-item-title" itemprop="name">100g Chai Kerala - Schwarzer Tee</h2></a><div class="product-item-info-box"><div class="product-item-price no-stock-level"><div itemscope="" itemprop="offers" itemtype="http://schema.org/Offer"><meta itemprop="url" content="/p/100g-chai-kerala-schwarzer-tee"><meta itemprop="price" content="3.99"><meta itemprop="priceCurrency" content="EUR"><link itemprop="itemCondition" href="http://schema.org/NewCondition"><div><div><div itemprop="priceSpecification" itemscope="" itemtype="http://schema.org/UnitPriceSpecification"><meta itemprop="price" content="3.04"><meta itemprop="priceCurrency" content="EUR"><div itemprop="eligibleQuantity" itemscope="" itemtype="http://schema.org/QuantitativeValue"><meta itemprop="minValue" content="5"><meta itemprop="maxValue" content="5"></div></div></div></div></div><span class="product-item-price-reference">(1 kg = 39,90 €)</span><h3 class="product-item-price-new">3,99 €</h3></div></div></div></div><div class="swiper-slide product-item-list-swiper-slide" style="width: 220px; margin-right: 30px;"><div class="product-item" itemscope="" itemtype="http://schema.org/Product"><meta itemprop="sku" content="1863"><meta itemprop="image" content="/storage/images/image?remote=https%3A%2F%2Fmadavanilla.de%2FWebRoot%2FStore7%2FShops%2F6390bf67-3db7-4989-81d2-fd1d1df38751%2F61EF%2FA0AF%2FE83F%2FD4F2%2F338A%2F0A48%2F352B%2F031F%2F047481266716.png&amp;shop=6390bf67-3db7-4989-81d2-fd1d1df38751&amp;width=600&amp;height=2560"><a itemprop="url" class="product-item-link" href="/p/50g-chai-latte-gewuerz"><div class="product-item-image-container"><img class="lazyload product-item-image" data-src="/storage/images/image?remote=https%3A%2F%2Fmadavanilla.de%2FWebRoot%2FStore7%2FShops%2F6390bf67-3db7-4989-81d2-fd1d1df38751%2F61EF%2FA0AF%2FE83F%2FD4F2%2F338A%2F0A48%2F352B%2F031F%2F047481266716.png&amp;shop=6390bf67-3db7-4989-81d2-fd1d1df38751&amp;width={width}&amp;height=2560" data-sizes="auto" alt="50g Chai Latte Gewürz" decoding="async" width="500" height="500"><noscript></noscript></div><h2 class="product-item-title" itemprop="name">50g Chai Latte Gewürz</h2></a><div class="product-item-info-box"><div class="product-item-price no-stock-level"><div itemscope="" itemprop="offers" itemtype="http://schema.org/Offer"><meta itemprop="url" content="/p/50g-chai-latte-gewuerz"><meta itemprop="price" content="3.5"><meta itemprop="priceCurrency" content="EUR"><link itemprop="itemCondition" href="http://schema.org/NewCondition"></div><span class="product-item-price-reference">(1 kg = 70,00 €)</span><h3 class="product-item-price-new">3,50 €</h3></div></div></div></div><div class="swiper-slide product-item-list-swiper-slide" style="width: 220px; margin-right: 30px;"><div class="product-item" itemscope="" itemtype="http://schema.org/Product"><meta itemprop="sku" content="1308"><meta itemprop="image" content="/storage/images/image?remote=https%3A%2F%2Fmadavanilla.de%2FWebRoot%2FStore7%2FShops%2F6390bf67-3db7-4989-81d2-fd1d1df38751%2F5435%2F1102%2F1828%2FD024%2F0403%2F0A48%2F3525%2F6452%2FChai-Tee-Masala.JPG&amp;shop=6390bf67-3db7-4989-81d2-fd1d1df38751&amp;width=600&amp;height=2560"><a itemprop="url" class="product-item-link" href="/p/50g-chai-tee-masala-grobe-mischung-2"><div class="product-item-image-container"><img class="lazyload product-item-image" data-src="/storage/images/image?remote=https%3A%2F%2Fmadavanilla.de%2FWebRoot%2FStore7%2FShops%2F6390bf67-3db7-4989-81d2-fd1d1df38751%2F5435%2F1102%2F1828%2FD024%2F0403%2F0A48%2F3525%2F6452%2FChai-Tee-Masala.JPG&amp;shop=6390bf67-3db7-4989-81d2-fd1d1df38751&amp;width={width}&amp;height=2560" data-sizes="auto" alt="50g Chai Tee Masala (grobe Mischung)" decoding="async" width="1080" height="1080"><noscript></noscript></div><h2 class="product-item-title" itemprop="name">50g Chai Tee Masala (grobe Mischung)</h2></a><div class="product-item-info-box"><div class="product-item-price no-stock-level"><div itemscope="" itemprop="offers" itemtype="http://schema.org/Offer"><meta itemprop="url" content="/p/50g-chai-tee-masala-grobe-mischung-2"><meta itemprop="price" content="2.5"><meta itemprop="priceCurrency" content="EUR"><link itemprop="itemCondition" href="http://schema.org/NewCondition"></div><span class="product-item-price-reference">(1 kg = 50,00 €)</span><h3 class="product-item-price-new">2,50 €</h3></div></div></div></div><div class="swiper-slide product-item-list-swiper-slide" style="width: 220px; margin-right: 30px;"><div class="product-item" itemscope="" itemtype="http://schema.org/Product"><meta itemprop="sku" content="2017692"><meta itemprop="gtin13" content="4260355398771"><meta itemprop="image" content="/storage/images/image?remote=https%3A%2F%2Fmadavanilla.de%2FWebRoot%2FStore7%2FShops%2F6390bf67-3db7-4989-81d2-fd1d1df38751%2F5953%2F53C8%2FCC7D%2F5F05%2F17CD%2F0A48%2F3521%2F2FBA%2FGoldene-Milch-Madavanilla.jpg&amp;shop=6390bf67-3db7-4989-81d2-fd1d1df38751&amp;width=600&amp;height=2560"><a itemprop="url" class="product-item-link" href="/p/50g-goldene-milch-gewuerzmischung-neu-mit-ceylon-zimt"><div class="product-item-image-container"><img class="lazyload product-item-image" data-src="/storage/images/image?remote=https%3A%2F%2Fmadavanilla.de%2FWebRoot%2FStore7%2FShops%2F6390bf67-3db7-4989-81d2-fd1d1df38751%2F5953%2F53C8%2FCC7D%2F5F05%2F17CD%2F0A48%2F3521%2F2FBA%2FGoldene-Milch-Madavanilla.jpg&amp;shop=6390bf67-3db7-4989-81d2-fd1d1df38751&amp;width={width}&amp;height=2560" data-sizes="auto" alt="50g Goldene Milch Gewürzmischung - Neu! mit Ceylon Zimt" decoding="async" width="847" height="567"><noscript></noscript></div><h2 class="product-item-title" itemprop="name">50g Goldene Milch Gewürzmischung - Neu! mit Ceylon Zimt</h2></a><div class="product-item-info-box"><div class="product-item-price no-stock-level"><div itemscope="" itemprop="offers" itemtype="http://schema.org/Offer"><meta itemprop="url" content="/p/50g-goldene-milch-gewuerzmischung-neu-mit-ceylon-zimt"><meta itemprop="price" content="3.5"><meta itemprop="priceCurrency" content="EUR"><link itemprop="itemCondition" href="http://schema.org/NewCondition"></div><span class="product-item-price-reference">(1 kg = 70,00 €)</span><h3 class="product-item-price-new">3,50 €</h3></div></div></div></div><div class="swiper-slide product-item-list-swiper-slide" style="width: 220px; margin-right: 30px;"><div class="product-item" itemscope="" itemtype="http://schema.org/Product"><meta itemprop="sku" content="2018988"><meta itemprop="gtin13" content="4260588740194"><meta itemprop="image" content="/storage/images/image?remote=https%3A%2F%2Fmadavanilla.de%2FWebRoot%2FStore7%2FShops%2F6390bf67-3db7-4989-81d2-fd1d1df38751%2F5B3D%2FF2CD%2FCC27%2F4039%2FA97A%2F0A48%2F3521%2FB018%2Fcurcumalatte.JPG&amp;shop=6390bf67-3db7-4989-81d2-fd1d1df38751&amp;width=600&amp;height=2560"><a itemprop="url" class="product-item-link" href="/p/50g-curcuma-latte-mit-kakao-kurkuma-latte-goldene-milch"><div class="product-item-image-container"><img class="lazyload product-item-image" data-src="/storage/images/image?remote=https%3A%2F%2Fmadavanilla.de%2FWebRoot%2FStore7%2FShops%2F6390bf67-3db7-4989-81d2-fd1d1df38751%2F5B3D%2FF2CD%2FCC27%2F4039%2FA97A%2F0A48%2F3521%2FB018%2Fcurcumalatte.JPG&amp;shop=6390bf67-3db7-4989-81d2-fd1d1df38751&amp;width={width}&amp;height=2560" data-sizes="auto" alt="50g Curcuma Latte mit Kakao - Kurkuma Latte - Goldene Milch" decoding="async" width="864" height="1080"><noscript></noscript></div><h2 class="product-item-title" itemprop="name">50g Curcuma Latte mit Kakao - Kurkuma Latte - Goldene Milch</h2></a><div class="product-item-info-box"><div class="product-item-price no-stock-level"><div itemscope="" itemprop="offers" itemtype="http://schema.org/Offer"><meta itemprop="url" content="/p/50g-curcuma-latte-mit-kakao-kurkuma-latte-goldene-milch"><meta itemprop="price" content="3.5"><meta itemprop="priceCurrency" content="EUR"><link itemprop="itemCondition" href="http://schema.org/NewCondition"></div><span class="product-item-price-reference">(1 kg = 70,00 €)</span><h3 class="product-item-price-new">3,50 €</h3></div></div></div></div><div class="swiper-slide product-item-list-swiper-slide" style="width: 220px; margin-right: 30px;"><div class="product-item" itemscope="" itemtype="http://schema.org/Product"><meta itemprop="sku" content="1020"><meta itemprop="image" content="/storage/images/image?remote=https%3A%2F%2Fmadavanilla.de%2FWebRoot%2FStore7%2FShops%2F6390bf67-3db7-4989-81d2-fd1d1df38751%2F61EF%2F9F35%2F9D0C%2F6C4C%2F3128%2F0A48%2F352B%2F0389%2FHabanero-Smoky-Chilie.JPG&amp;shop=6390bf67-3db7-4989-81d2-fd1d1df38751&amp;width=600&amp;height=2560"><a itemprop="url" class="product-item-link" href="/p/35g-habanero-smoky-chilis-gewuerzmischung"><div class="product-item-image-container"><img class="lazyload product-item-image" data-src="/storage/images/image?remote=https%3A%2F%2Fmadavanilla.de%2FWebRoot%2FStore7%2FShops%2F6390bf67-3db7-4989-81d2-fd1d1df38751%2F61EF%2F9F35%2F9D0C%2F6C4C%2F3128%2F0A48%2F352B%2F0389%2FHabanero-Smoky-Chilie.JPG&amp;shop=6390bf67-3db7-4989-81d2-fd1d1df38751&amp;width={width}&amp;height=2560" data-sizes="auto" alt="35g Habanero+ Smoky Chilis - Gewürzmischung" decoding="async" width="1080" height="1080"><noscript></noscript></div><h2 class="product-item-title" itemprop="name">35g Habanero+ Smoky Chilis - Gewürzmischung</h2></a><div class="product-item-info-box"><div class="product-item-price no-stock-level"><div itemscope="" itemprop="offers" itemtype="http://schema.org/Offer"><meta itemprop="url" content="/p/35g-habanero-smoky-chilis-gewuerzmischung"><meta itemprop="price" content="2.99"><meta itemprop="priceCurrency" content="EUR"><link itemprop="itemCondition" href="http://schema.org/NewCondition"><div><div><div itemprop="priceSpecification" itemscope="" itemtype="http://schema.org/UnitPriceSpecification"><meta itemprop="price" content="1.9"><meta itemprop="priceCurrency" content="EUR"><div itemprop="eligibleQuantity" itemscope="" itemtype="http://schema.org/QuantitativeValue"><meta itemprop="minValue" content="5"><meta itemprop="maxValue" content="5"></div></div></div></div></div><span class="product-item-price-reference">(1 kg = 85,43 €)</span><h3 class="product-item-price-new">2,99 €</h3></div></div></div></div><div class="swiper-slide product-item-list-swiper-slide" style="width: 220px; margin-right: 30px;"><div class="product-item" itemscope="" itemtype="http://schema.org/Product"><meta itemprop="sku" content="20191399"><meta itemprop="gtin13" content="4260588742525"><meta itemprop="image" content="/storage/images/image?remote=https%3A%2F%2Fmadavanilla.de%2FWebRoot%2FStore7%2FShops%2F6390bf67-3db7-4989-81d2-fd1d1df38751%2F5DAD%2FAA7C%2F9DA5%2F8216%2FA99E%2F0A48%2F3521%2F2125%2Fkurkumavanille.JPG&amp;shop=6390bf67-3db7-4989-81d2-fd1d1df38751&amp;width=600&amp;height=2560"><a itemprop="url" class="product-item-link" href="/p/50g-bio-kurkuma-latte-mit-vanille-kokosbluetenzucker-de-oeko-005"><div class="product-item-image-container"><img class="lazyload product-item-image" data-src="/storage/images/image?remote=https%3A%2F%2Fmadavanilla.de%2FWebRoot%2FStore7%2FShops%2F6390bf67-3db7-4989-81d2-fd1d1df38751%2F5DAD%2FAA7C%2F9DA5%2F8216%2FA99E%2F0A48%2F3521%2F2125%2Fkurkumavanille.JPG&amp;shop=6390bf67-3db7-4989-81d2-fd1d1df38751&amp;width={width}&amp;height=2560" data-sizes="auto" alt="50g Bio Kurkuma Latte mit Vanille Kokosblütenzucker DE-ÖKO-005" decoding="async" width="864" height="1080"><noscript></noscript></div><h2 class="product-item-title" itemprop="name">50g Bio Kurkuma Latte mit Vanille Kokosblütenzucker DE-ÖKO-005</h2></a><div class="product-item-info-box"><div class="product-item-price no-stock-level"><div itemscope="" itemprop="offers" itemtype="http://schema.org/Offer"><meta itemprop="url" content="/p/50g-bio-kurkuma-latte-mit-vanille-kokosbluetenzucker-de-oeko-005"><meta itemprop="price" content="3.99"><meta itemprop="priceCurrency" content="EUR"><link itemprop="itemCondition" href="http://schema.org/NewCondition"></div><span class="product-item-price-reference">(1 kg = 79,80 €)</span><h3 class="product-item-price-new">3,99 €</h3></div></div></div></div><div class="swiper-slide product-item-list-swiper-slide" style="width: 220px; margin-right: 30px;"><div class="product-item" itemscope="" itemtype="http://schema.org/Product"><meta itemprop="sku" content="20191261"><meta itemprop="gtin13" content="4260588741559"><meta itemprop="image" content="/storage/images/image?remote=https%3A%2F%2Fmadavanilla.de%2FWebRoot%2FStore7%2FShops%2F6390bf67-3db7-4989-81d2-fd1d1df38751%2F5C76%2F7A1A%2F53CA%2F8292%2F7F45%2F0A48%2F3521%2F75DF%2Fgoldenerkurkuma.JPG&amp;shop=6390bf67-3db7-4989-81d2-fd1d1df38751&amp;width=600&amp;height=2560"><a itemprop="url" class="product-item-link" href="/p/100g-kraeutertee-goldener-kurkuma-mit-ingwer"><div class="product-item-image-container"><img class="lazyload product-item-image" data-src="/storage/images/image?remote=https%3A%2F%2Fmadavanilla.de%2FWebRoot%2FStore7%2FShops%2F6390bf67-3db7-4989-81d2-fd1d1df38751%2F5C76%2F7A1A%2F53CA%2F8292%2F7F45%2F0A48%2F3521%2F75DF%2Fgoldenerkurkuma.JPG&amp;shop=6390bf67-3db7-4989-81d2-fd1d1df38751&amp;width={width}&amp;height=2560" data-sizes="auto" alt="100g Kräutertee Goldener Kurkuma mit Ingwer" decoding="async" width="864" height="1080"><noscript></noscript></div><h2 class="product-item-title" itemprop="name">100g Kräutertee Goldener Kurkuma mit Ingwer</h2></a><div class="product-item-info-box"><div class="product-item-price no-stock-level"><div itemscope="" itemprop="offers" itemtype="http://schema.org/Offer"><meta itemprop="url" content="/p/100g-kraeutertee-goldener-kurkuma-mit-ingwer"><meta itemprop="price" content="3.99"><meta itemprop="priceCurrency" content="EUR"><link itemprop="itemCondition" href="http://schema.org/NewCondition"></div><span class="product-item-price-reference">(1 kg = 39,90 €)</span><h3 class="product-item-price-new">3,99 €</h3></div></div></div></div><div class="swiper-slide product-item-list-swiper-slide" style="width: 220px; margin-right: 30px;"><div class="product-item" itemscope="" itemtype="http://schema.org/Product"><meta itemprop="sku" content="201562"><meta itemprop="image" content="/storage/images/image?remote=https%3A%2F%2Fmadavanilla.de%2FWebRoot%2FStore7%2FShops%2F6390bf67-3db7-4989-81d2-fd1d1df38751%2F54ED%2F98A8%2F674D%2F37BB%2FA3D5%2F0A48%2F3520%2FC1DE%2FVata.jpg&amp;shop=6390bf67-3db7-4989-81d2-fd1d1df38751&amp;width=600&amp;height=2560"><a itemprop="url" class="product-item-link" href="/p/100g-ayurverda-tee-vata"><div class="product-item-image-container"><img class="lazyload product-item-image" data-src="/storage/images/image?remote=https%3A%2F%2Fmadavanilla.de%2FWebRoot%2FStore7%2FShops%2F6390bf67-3db7-4989-81d2-fd1d1df38751%2F54ED%2F98A8%2F674D%2F37BB%2FA3D5%2F0A48%2F3520%2FC1DE%2FVata.jpg&amp;shop=6390bf67-3db7-4989-81d2-fd1d1df38751&amp;width={width}&amp;height=2560" data-sizes="auto" alt="100g Ayurverda Tee Vata" decoding="async" width="1080" height="1080"><noscript></noscript></div><h2 class="product-item-title" itemprop="name">100g Ayurverda Tee Vata</h2></a><div class="product-item-info-box"><div class="product-item-price no-stock-level"><div itemscope="" itemprop="offers" itemtype="http://schema.org/Offer"><meta itemprop="url" content="/p/100g-ayurverda-tee-vata"><meta itemprop="price" content="3.49"><meta itemprop="priceCurrency" content="EUR"><link itemprop="itemCondition" href="http://schema.org/NewCondition"></div><span class="product-item-price-reference">(1 kg = 34,90 €)</span><h3 class="product-item-price-new">3,49 €</h3></div></div></div></div><div class="swiper-slide product-item-list-swiper-slide" style="width: 220px; margin-right: 30px;"><div class="product-item" itemscope="" itemtype="http://schema.org/Product"><meta itemprop="sku" content="739"><meta itemprop="image" content="/storage/images/image?remote=https%3A%2F%2Fmadavanilla.de%2FWebRoot%2FStore7%2FShops%2F6390bf67-3db7-4989-81d2-fd1d1df38751%2F5435%2F0789%2F51B0%2F348E%2FDCF1%2F0A48%2F3525%2F6471%2FYogi-Tee.JPG&amp;shop=6390bf67-3db7-4989-81d2-fd1d1df38751&amp;width=600&amp;height=2560"><a itemprop="url" class="product-item-link" href="/p/35g-ayurvedischer-gewuerztee-yo-gi-tee-grob"><div class="product-item-image-container"><img class="lazyload product-item-image" data-src="/storage/images/image?remote=https%3A%2F%2Fmadavanilla.de%2FWebRoot%2FStore7%2FShops%2F6390bf67-3db7-4989-81d2-fd1d1df38751%2F5435%2F0789%2F51B0%2F348E%2FDCF1%2F0A48%2F3525%2F6471%2FYogi-Tee.JPG&amp;shop=6390bf67-3db7-4989-81d2-fd1d1df38751&amp;width={width}&amp;height=2560" data-sizes="auto" alt="35g Ayurvedischer Gewürztee - Yo Gi Tee (grob)" decoding="async" width="1080" height="1080"><noscript></noscript></div><h2 class="product-item-title" itemprop="name">35g Ayurvedischer Gewürztee - Yo Gi Tee (grob)</h2></a><div class="product-item-info-box"><div class="product-item-price no-stock-level"><div itemscope="" itemprop="offers" itemtype="http://schema.org/Offer"><meta itemprop="url" content="/p/35g-ayurvedischer-gewuerztee-yo-gi-tee-grob"><meta itemprop="price" content="2.5"><meta itemprop="priceCurrency" content="EUR"><link itemprop="itemCondition" href="http://schema.org/NewCondition"></div><span class="product-item-price-reference">(1 kg = 71,43 €)</span><h3 class="product-item-price-new">2,50 €</h3></div></div></div></div><div class="swiper-slide product-item-list-swiper-slide product-item-list-items empty-product" style="width: 220px; margin-right: 30px;"></div><div class="swiper-slide product-item-list-swiper-slide product-item-list-items empty-product" style="width: 220px; margin-right: 30px;"></div><div class="swiper-slide product-item-list-swiper-slide product-item-list-items empty-product" style="width: 220px; margin-right: 30px;"></div><div class="swiper-slide product-item-list-swiper-slide product-item-list-items empty-product" style="width: 220px; margin-right: 30px;"></div></div><span class="swiper-notification" aria-live="assertive" aria-atomic="true"></span></div><div class="swiper-arrows grid-col-s"><div class="swiper-arrow-right" tabindex="0" role="button" aria-label="Next slide" aria-controls="swiper-wrapper-05b213f21f0b816f" aria-disabled="false"></div><div class="swiper-arrow-left swiper-button-disabled" tabindex="-1" role="button" aria-label="Previous slide" aria-controls="swiper-wrapper-05b213f21f0b816f" aria-disabled="true"></div></div></div></div></div></div></div></div></div></div><div id="block-c5caed0f-6cc0-4028-bf5d-5f35ca2e40e6" data-testid="block-c5caed0f-6cc0-4028-bf5d-5f35ca2e40e6" class="dali-block" data-block-type="epages.productslider" style="background-color:transparent;background-origin:border-box"><div class="dali-grid-row"><div class="dali-grid-column"><div class="dali-grid-element"><div class="dali-grid-element-wrapper"><div class="dali-plugin-text"><div class="dali-plugin-text-content"><h2><strong>Orientalische Gewürz Highlights u.a.</strong></h2></div></div></div></div><div><div class="dali-grid-element"><div class="dali-grid-element-wrapper"><div class="product-slider"><div style="--slide-width: 220px;"><div class="swiper-container swiper-container-initialized swiper-container-horizontal swiper-container-pointer-events" style="cursor: grab;"><div class="swiper-wrapper product-item-list grid-col-s" id="swiper-wrapper-d4bdc4a6c1a1fb40" aria-live="polite" style="transform: translate3d(0px, 0px, 0px);"><div class="swiper-slide product-item-list-swiper-slide swiper-slide-active" style="width: 220px; margin-right: 30px;"><div class="product-item" itemscope="" itemtype="http://schema.org/Product"><meta itemprop="sku" content="20212238"><meta itemprop="gtin13" content="4260588744956"><meta itemprop="image" content="/storage/images/image?remote=https%3A%2F%2Fmadavanilla.de%2FWebRoot%2FStore7%2FShops%2F6390bf67-3db7-4989-81d2-fd1d1df38751%2F602F%2FB42C%2F741D%2F032C%2FA7F3%2F0A48%2F35D6%2F764F%2FBezar.JPG&amp;shop=6390bf67-3db7-4989-81d2-fd1d1df38751&amp;width=600&amp;height=2560"><a itemprop="url" class="product-item-link" href="/p/50g-bezar-arabische-gewuerzmischung"><div class="product-item-image-container"><img class="lazyload product-item-image" data-src="/storage/images/image?remote=https%3A%2F%2Fmadavanilla.de%2FWebRoot%2FStore7%2FShops%2F6390bf67-3db7-4989-81d2-fd1d1df38751%2F602F%2FB42C%2F741D%2F032C%2FA7F3%2F0A48%2F35D6%2F764F%2FBezar.JPG&amp;shop=6390bf67-3db7-4989-81d2-fd1d1df38751&amp;width={width}&amp;height=2560" data-sizes="auto" alt="50g Bezar - Arabische Gewürzmischung" decoding="async" width="864" height="1080"><noscript></noscript></div><h2 class="product-item-title" itemprop="name">50g Bezar - Arabische Gewürzmischung</h2></a><div class="product-item-info-box"><div class="product-item-price no-stock-level"><div itemscope="" itemprop="offers" itemtype="http://schema.org/Offer"><meta itemprop="url" content="/p/50g-bezar-arabische-gewuerzmischung"><meta itemprop="price" content="2.5"><meta itemprop="priceCurrency" content="EUR"><link itemprop="itemCondition" href="http://schema.org/NewCondition"></div><span class="product-item-price-reference">(1 kg = 50,00 €)</span><h3 class="product-item-price-new">2,50 €</h3></div></div></div></div><div class="swiper-slide product-item-list-swiper-slide swiper-slide-next" style="width: 220px; margin-right: 30px;"><div class="product-item" itemscope="" itemtype="http://schema.org/Product"><meta itemprop="sku" content="102"><meta itemprop="image" content="/storage/images/image?remote=https%3A%2F%2Fmadavanilla.de%2FWebRoot%2FStore7%2FShops%2F6390bf67-3db7-4989-81d2-fd1d1df38751%2F61EF%2F9F34%2F2C57%2F205E%2F6795%2F0A48%2F352B%2F0385%2FRas-el-Hanout.JPG&amp;shop=6390bf67-3db7-4989-81d2-fd1d1df38751&amp;width=600&amp;height=2560"><a itemprop="url" class="product-item-link" href="/p/50g-ras-el-hanout-gewuerzzubereitung"><div class="product-item-image-container"><img class="lazyload product-item-image" data-src="/storage/images/image?remote=https%3A%2F%2Fmadavanilla.de%2FWebRoot%2FStore7%2FShops%2F6390bf67-3db7-4989-81d2-fd1d1df38751%2F61EF%2F9F34%2F2C57%2F205E%2F6795%2F0A48%2F352B%2F0385%2FRas-el-Hanout.JPG&amp;shop=6390bf67-3db7-4989-81d2-fd1d1df38751&amp;width={width}&amp;height=2560" data-sizes="auto" alt="50g Ras el Hanout - Gewürzzubereitung" decoding="async" width="1080" height="1080"><noscript></noscript></div><h2 class="product-item-title" itemprop="name">50g Ras el Hanout - Gewürzzubereitung</h2></a><div class="product-item-info-box"><div class="product-item-price no-stock-level"><div itemscope="" itemprop="offers" itemtype="http://schema.org/Offer"><meta itemprop="url" content="/p/50g-ras-el-hanout-gewuerzzubereitung"><meta itemprop="price" content="2.5"><meta itemprop="priceCurrency" content="EUR"><link itemprop="itemCondition" href="http://schema.org/NewCondition"><div><div><div itemprop="priceSpecification" itemscope="" itemtype="http://schema.org/UnitPriceSpecification"><meta itemprop="price" content="1.9"><meta itemprop="priceCurrency" content="EUR"><div itemprop="eligibleQuantity" itemscope="" itemtype="http://schema.org/QuantitativeValue"><meta itemprop="minValue" content="5"><meta itemprop="maxValue" content="5"></div></div></div></div></div><span class="product-item-price-reference">(1 kg = 50,00 €)</span><h3 class="product-item-price-new">2,50 €</h3></div></div></div></div><div class="swiper-slide product-item-list-swiper-slide" style="width: 220px; margin-right: 30px;"><div class="product-item" itemscope="" itemtype="http://schema.org/Product"><meta itemprop="sku" content="2018942"><meta itemprop="gtin13" content="4260355399938"><meta itemprop="image" content="/storage/images/image?remote=https%3A%2F%2Fmadavanilla.de%2FWebRoot%2FStore7%2FShops%2F6390bf67-3db7-4989-81d2-fd1d1df38751%2F5A9E%2FB98E%2F787C%2FF5EC%2F65C9%2F0A48%2F3620%2F4891%2FDucca.JPG&amp;shop=6390bf67-3db7-4989-81d2-fd1d1df38751&amp;width=600&amp;height=2560"><a itemprop="url" class="product-item-link" href="/p/50g-ducca-gewuerzzubereitung"><div class="product-item-image-container"><img class="lazyload product-item-image" data-src="/storage/images/image?remote=https%3A%2F%2Fmadavanilla.de%2FWebRoot%2FStore7%2FShops%2F6390bf67-3db7-4989-81d2-fd1d1df38751%2F5A9E%2FB98E%2F787C%2FF5EC%2F65C9%2F0A48%2F3620%2F4891%2FDucca.JPG&amp;shop=6390bf67-3db7-4989-81d2-fd1d1df38751&amp;width={width}&amp;height=2560" data-sizes="auto" alt="50g Ducca Gewürzzubereitung" decoding="async" width="1080" height="1080"><noscript></noscript></div><h2 class="product-item-title" itemprop="name">50g Ducca Gewürzzubereitung</h2></a><div class="product-item-info-box"><div class="product-item-price no-stock-level"><div itemscope="" itemprop="offers" itemtype="http://schema.org/Offer"><meta itemprop="url" content="/p/50g-ducca-gewuerzzubereitung"><meta itemprop="price" content="2.5"><meta itemprop="priceCurrency" content="EUR"><link itemprop="itemCondition" href="http://schema.org/NewCondition"></div><span class="product-item-price-reference">(1 kg = 50,00 €)</span><h3 class="product-item-price-new">2,50 €</h3></div></div></div></div><div class="swiper-slide product-item-list-swiper-slide" style="width: 220px; margin-right: 30px;"><div class="product-item" itemscope="" itemtype="http://schema.org/Product"><meta itemprop="sku" content="20201511"><meta itemprop="gtin13" content="4260588742921"><meta itemprop="image" content="/storage/images/image?remote=https%3A%2F%2Fmadavanilla.de%2FWebRoot%2FStore7%2FShops%2F6390bf67-3db7-4989-81d2-fd1d1df38751%2F5E31%2F9886%2FDBEE%2FB32D%2F6F80%2F0A48%2F3521%2F8D73%2FShawarma.JPG&amp;shop=6390bf67-3db7-4989-81d2-fd1d1df38751&amp;width=600&amp;height=2560"><a itemprop="url" class="product-item-link" href="/p/50g-shawarma-shoarma-gewuerzmischung"><div class="product-item-image-container"><img class="lazyload product-item-image" data-src="/storage/images/image?remote=https%3A%2F%2Fmadavanilla.de%2FWebRoot%2FStore7%2FShops%2F6390bf67-3db7-4989-81d2-fd1d1df38751%2F5E31%2F9886%2FDBEE%2FB32D%2F6F80%2F0A48%2F3521%2F8D73%2FShawarma.JPG&amp;shop=6390bf67-3db7-4989-81d2-fd1d1df38751&amp;width={width}&amp;height=2560" data-sizes="auto" alt="50g Shawarma Shoarma Gewürzmischung" decoding="async" width="864" height="1080"><noscript></noscript></div><h2 class="product-item-title" itemprop="name">50g Shawarma Shoarma Gewürzmischung</h2></a><div class="product-item-info-box"><div class="product-item-price no-stock-level"><div itemscope="" itemprop="offers" itemtype="http://schema.org/Offer"><meta itemprop="url" content="/p/50g-shawarma-shoarma-gewuerzmischung"><meta itemprop="price" content="2.5"><meta itemprop="priceCurrency" content="EUR"><link itemprop="itemCondition" href="http://schema.org/NewCondition"></div><span class="product-item-price-reference">(1 kg = 50,00 €)</span><h3 class="product-item-price-new">2,50 €</h3></div></div></div></div><div class="swiper-slide product-item-list-swiper-slide" style="width: 220px; margin-right: 30px;"><div class="product-item" itemscope="" itemtype="http://schema.org/Product"><meta itemprop="sku" content="1812"><meta itemprop="image" content="/storage/images/image?remote=https%3A%2F%2Fmadavanilla.de%2FWebRoot%2FStore7%2FShops%2F6390bf67-3db7-4989-81d2-fd1d1df38751%2F61EF%2FA095%2F7774%2F7DF2%2F9B87%2F0A48%2F352B%2F03F3%2F885820831108.png&amp;shop=6390bf67-3db7-4989-81d2-fd1d1df38751&amp;width=600&amp;height=2560"><a itemprop="url" class="product-item-link" href="/p/50g-wat-gewuerzzubereitung"><div class="product-item-image-container"><img class="lazyload product-item-image" data-src="/storage/images/image?remote=https%3A%2F%2Fmadavanilla.de%2FWebRoot%2FStore7%2FShops%2F6390bf67-3db7-4989-81d2-fd1d1df38751%2F61EF%2FA095%2F7774%2F7DF2%2F9B87%2F0A48%2F352B%2F03F3%2F885820831108.png&amp;shop=6390bf67-3db7-4989-81d2-fd1d1df38751&amp;width={width}&amp;height=2560" data-sizes="auto" alt="50g WAT - Gewürzzubereitung" decoding="async" width="500" height="500"><noscript></noscript></div><h2 class="product-item-title" itemprop="name">50g WAT - Gewürzzubereitung</h2></a><div class="product-item-info-box"><div class="product-item-price no-stock-level"><div itemscope="" itemprop="offers" itemtype="http://schema.org/Offer"><meta itemprop="url" content="/p/50g-wat-gewuerzzubereitung"><meta itemprop="price" content="2.5"><meta itemprop="priceCurrency" content="EUR"><link itemprop="itemCondition" href="http://schema.org/NewCondition"></div><span class="product-item-price-reference">(1 kg = 50,00 €)</span><h3 class="product-item-price-new">2,50 €</h3></div></div></div></div><div class="swiper-slide product-item-list-swiper-slide" style="width: 220px; margin-right: 30px;"><div class="product-item" itemscope="" itemtype="http://schema.org/Product"><meta itemprop="sku" content="178"><meta itemprop="image" content="/storage/images/image?remote=https%3A%2F%2Fmadavanilla.de%2FWebRoot%2FStore7%2FShops%2F6390bf67-3db7-4989-81d2-fd1d1df38751%2F61EF%2FA084%2FF3AD%2FB2FE%2F0B7F%2F0A48%2F352B%2F0309%2F846847342341.png&amp;shop=6390bf67-3db7-4989-81d2-fd1d1df38751&amp;width=600&amp;height=2560"><a itemprop="url" class="product-item-link" href="/p/50g-berbere-gewuerzzubereitung"><div class="product-item-image-container"><img class="lazyload product-item-image" data-src="/storage/images/image?remote=https%3A%2F%2Fmadavanilla.de%2FWebRoot%2FStore7%2FShops%2F6390bf67-3db7-4989-81d2-fd1d1df38751%2F61EF%2FA084%2FF3AD%2FB2FE%2F0B7F%2F0A48%2F352B%2F0309%2F846847342341.png&amp;shop=6390bf67-3db7-4989-81d2-fd1d1df38751&amp;width={width}&amp;height=2560" data-sizes="auto" alt="50g Berbere - Gewürzzubereitung" decoding="async" width="336" height="252"><noscript></noscript></div><h2 class="product-item-title" itemprop="name">50g Berbere - Gewürzzubereitung</h2></a><div class="product-item-info-box"><div class="product-item-price no-stock-level"><div itemscope="" itemprop="offers" itemtype="http://schema.org/Offer"><meta itemprop="url" content="/p/50g-berbere-gewuerzzubereitung"><meta itemprop="price" content="2.5"><meta itemprop="priceCurrency" content="EUR"><link itemprop="itemCondition" href="http://schema.org/NewCondition"></div><span class="product-item-price-reference">(1 kg = 50,00 €)</span><h3 class="product-item-price-new">2,50 €</h3></div></div></div></div><div class="swiper-slide product-item-list-swiper-slide" style="width: 220px; margin-right: 30px;"><div class="product-item" itemscope="" itemtype="http://schema.org/Product"><meta itemprop="sku" content="2016321"><meta itemprop="gtin13" content="4260355397002"><meta itemprop="image" content="/storage/images/image?remote=https%3A%2F%2Fmadavanilla.de%2FWebRoot%2FStore7%2FShops%2F6390bf67-3db7-4989-81d2-fd1d1df38751%2F56DE%2FF7FC%2F4D81%2F65D2%2F29B4%2F0A48%2F3521%2FEA2E%2FBahrat.JPG&amp;shop=6390bf67-3db7-4989-81d2-fd1d1df38751&amp;width=600&amp;height=2560"><a itemprop="url" class="product-item-link" href="/p/50g-baharat-gewuerz-persische-gewuerzmischung"><div class="product-item-image-container"><img class="lazyload product-item-image" data-src="/storage/images/image?remote=https%3A%2F%2Fmadavanilla.de%2FWebRoot%2FStore7%2FShops%2F6390bf67-3db7-4989-81d2-fd1d1df38751%2F56DE%2FF7FC%2F4D81%2F65D2%2F29B4%2F0A48%2F3521%2FEA2E%2FBahrat.JPG&amp;shop=6390bf67-3db7-4989-81d2-fd1d1df38751&amp;width={width}&amp;height=2560" data-sizes="auto" alt="50g Baharat Gewürz - persische Gewürzmischung" decoding="async" width="1080" height="1080"><noscript></noscript></div><h2 class="product-item-title" itemprop="name">50g Baharat Gewürz - persische Gewürzmischung</h2></a><div class="product-item-info-box"><div class="product-item-price no-stock-level"><div itemscope="" itemprop="offers" itemtype="http://schema.org/Offer"><meta itemprop="url" content="/p/50g-baharat-gewuerz-persische-gewuerzmischung"><meta itemprop="price" content="2.5"><meta itemprop="priceCurrency" content="EUR"><link itemprop="itemCondition" href="http://schema.org/NewCondition"></div><span class="product-item-price-reference">(1 kg = 50,00 €)</span><h3 class="product-item-price-new">2,50 €</h3></div></div></div></div><div class="swiper-slide product-item-list-swiper-slide" style="width: 220px; margin-right: 30px;"><div class="product-item" itemscope="" itemtype="http://schema.org/Product"><meta itemprop="sku" content="1577"><meta itemprop="image" content="/storage/images/image?remote=https%3A%2F%2Fmadavanilla.de%2FWebRoot%2FStore7%2FShops%2F6390bf67-3db7-4989-81d2-fd1d1df38751%2F61EF%2FA028%2FF41B%2FDB77%2F5720%2F0A48%2F352B%2F03EB%2FAfrican-Rub.JPG&amp;shop=6390bf67-3db7-4989-81d2-fd1d1df38751&amp;width=600&amp;height=2560"><a itemprop="url" class="product-item-link" href="/p/50g-tabil-gewuerzzubereitung"><div class="product-item-image-container"><img class="lazyload product-item-image" data-src="/storage/images/image?remote=https%3A%2F%2Fmadavanilla.de%2FWebRoot%2FStore7%2FShops%2F6390bf67-3db7-4989-81d2-fd1d1df38751%2F61EF%2FA028%2FF41B%2FDB77%2F5720%2F0A48%2F352B%2F03EB%2FAfrican-Rub.JPG&amp;shop=6390bf67-3db7-4989-81d2-fd1d1df38751&amp;width={width}&amp;height=2560" data-sizes="auto" alt="50g Tabil - Gewürzzubereitung" decoding="async" width="1080" height="1080"><noscript></noscript></div><h2 class="product-item-title" itemprop="name">50g Tabil - Gewürzzubereitung</h2></a><div class="product-item-info-box"><div class="product-item-price no-stock-level"><div itemscope="" itemprop="offers" itemtype="http://schema.org/Offer"><meta itemprop="url" content="/p/50g-tabil-gewuerzzubereitung"><meta itemprop="price" content="2.5"><meta itemprop="priceCurrency" content="EUR"><link itemprop="itemCondition" href="http://schema.org/NewCondition"></div><span class="product-item-price-reference">(1 kg = 50,00 €)</span><h3 class="product-item-price-new">2,50 €</h3></div></div></div></div><div class="swiper-slide product-item-list-swiper-slide" style="width: 220px; margin-right: 30px;"><div class="product-item" itemscope="" itemtype="http://schema.org/Product"><meta itemprop="sku" content="1559"><meta itemprop="image" content="/storage/images/image?remote=https%3A%2F%2Fmadavanilla.de%2FWebRoot%2FStore7%2FShops%2F6390bf67-3db7-4989-81d2-fd1d1df38751%2F61EF%2FA01D%2F5585%2FD10D%2F51FD%2F0A48%2F352B%2F03BA%2F029089835270.png&amp;shop=6390bf67-3db7-4989-81d2-fd1d1df38751&amp;width=600&amp;height=2560"><a itemprop="url" class="product-item-link" href="/p/50g-tsire-gewuerzzubereitung"><div class="product-item-image-container"><img class="lazyload product-item-image" data-src="/storage/images/image?remote=https%3A%2F%2Fmadavanilla.de%2FWebRoot%2FStore7%2FShops%2F6390bf67-3db7-4989-81d2-fd1d1df38751%2F61EF%2FA01D%2F5585%2FD10D%2F51FD%2F0A48%2F352B%2F03BA%2F029089835270.png&amp;shop=6390bf67-3db7-4989-81d2-fd1d1df38751&amp;width={width}&amp;height=2560" data-sizes="auto" alt="50g Tsire - Gewürzzubereitung" decoding="async" width="500" height="375"><noscript></noscript></div><h2 class="product-item-title" itemprop="name">50g Tsire - Gewürzzubereitung</h2></a><div class="product-item-info-box"><div class="product-item-price no-stock-level"><div itemscope="" itemprop="offers" itemtype="http://schema.org/Offer"><meta itemprop="url" content="/p/50g-tsire-gewuerzzubereitung"><meta itemprop="price" content="2.5"><meta itemprop="priceCurrency" content="EUR"><link itemprop="itemCondition" href="http://schema.org/NewCondition"></div><span class="product-item-price-reference">(1 kg = 50,00 €)</span><h3 class="product-item-price-new">2,50 €</h3></div></div></div></div><div class="swiper-slide product-item-list-swiper-slide" style="width: 220px; margin-right: 30px;"><div class="product-item" itemscope="" itemtype="http://schema.org/Product"><meta itemprop="sku" content="172"><meta itemprop="image" content="/storage/images/image?remote=https%3A%2F%2Fmadavanilla.de%2FWebRoot%2FStore7%2FShops%2F6390bf67-3db7-4989-81d2-fd1d1df38751%2F61EF%2FA05F%2F8FA5%2FA897%2FC621%2F0A48%2F352B%2F03A3%2FPanch-Phoron.JPG&amp;shop=6390bf67-3db7-4989-81d2-fd1d1df38751&amp;width=600&amp;height=2560"><a itemprop="url" class="product-item-link" href="/p/50g-panch-phoron-gewuerzzubereitung-gemahlen"><div class="product-item-image-container"><img class="lazyload product-item-image" data-src="/storage/images/image?remote=https%3A%2F%2Fmadavanilla.de%2FWebRoot%2FStore7%2FShops%2F6390bf67-3db7-4989-81d2-fd1d1df38751%2F61EF%2FA05F%2F8FA5%2FA897%2FC621%2F0A48%2F352B%2F03A3%2FPanch-Phoron.JPG&amp;shop=6390bf67-3db7-4989-81d2-fd1d1df38751&amp;width={width}&amp;height=2560" data-sizes="auto" alt="50g Panch Phoron- Gewürzzubereitung - gemahlen" decoding="async" width="1080" height="1080"><noscript></noscript></div><h2 class="product-item-title" itemprop="name">50g Panch Phoron- Gewürzzubereitung - gemahlen</h2></a><div class="product-item-info-box"><div class="product-item-price no-stock-level"><div itemscope="" itemprop="offers" itemtype="http://schema.org/Offer"><meta itemprop="url" content="/p/50g-panch-phoron-gewuerzzubereitung-gemahlen"><meta itemprop="price" content="2.5"><meta itemprop="priceCurrency" content="EUR"><link itemprop="itemCondition" href="http://schema.org/NewCondition"></div><span class="product-item-price-reference">(1 kg = 50,00 €)</span><h3 class="product-item-price-new">2,50 €</h3></div></div></div></div><div class="swiper-slide product-item-list-swiper-slide" style="width: 220px; margin-right: 30px;"><div class="product-item" itemscope="" itemtype="http://schema.org/Product"><meta itemprop="sku" content="1578"><meta itemprop="image" content="/storage/images/image?remote=https%3A%2F%2Fmadavanilla.de%2FWebRoot%2FStore7%2FShops%2F6390bf67-3db7-4989-81d2-fd1d1df38751%2F61EF%2FA029%2F1F65%2F76E7%2FEEB3%2F0A48%2F352B%2F0387%2F903767446288.png&amp;shop=6390bf67-3db7-4989-81d2-fd1d1df38751&amp;width=600&amp;height=2560"><a itemprop="url" class="product-item-link" href="/p/50g-zahtar-gewuerzzubereitung-zaathar"><div class="product-item-image-container"><img class="lazyload product-item-image" data-src="/storage/images/image?remote=https%3A%2F%2Fmadavanilla.de%2FWebRoot%2FStore7%2FShops%2F6390bf67-3db7-4989-81d2-fd1d1df38751%2F61EF%2FA029%2F1F65%2F76E7%2FEEB3%2F0A48%2F352B%2F0387%2F903767446288.png&amp;shop=6390bf67-3db7-4989-81d2-fd1d1df38751&amp;width={width}&amp;height=2560" data-sizes="auto" alt="50g Zahtar - Gewürzzubereitung - Zaathar" decoding="async" width="500" height="500"><noscript></noscript></div><h2 class="product-item-title" itemprop="name">50g Zahtar - Gewürzzubereitung - Zaathar</h2></a><div class="product-item-info-box"><div class="product-item-price no-stock-level"><div itemscope="" itemprop="offers" itemtype="http://schema.org/Offer"><meta itemprop="url" content="/p/50g-zahtar-gewuerzzubereitung-zaathar"><meta itemprop="price" content="2.5"><meta itemprop="priceCurrency" content="EUR"><link itemprop="itemCondition" href="http://schema.org/NewCondition"></div><span class="product-item-price-reference">(1 kg = 50,00 €)</span><h3 class="product-item-price-new">2,50 €</h3></div></div></div></div><div class="swiper-slide product-item-list-swiper-slide" style="width: 220px; margin-right: 30px;"><div class="product-item" itemscope="" itemtype="http://schema.org/Product"><meta itemprop="sku" content="155"><meta itemprop="image" content="/storage/images/image?remote=https%3A%2F%2Fmadavanilla.de%2FWebRoot%2FStore7%2FShops%2F6390bf67-3db7-4989-81d2-fd1d1df38751%2F61EF%2FA019%2F3BE1%2FA477%2F6314%2F0A48%2F352B%2F035F%2FAfrican-Rub.JPG&amp;shop=6390bf67-3db7-4989-81d2-fd1d1df38751&amp;width=600&amp;height=2560"><a itemprop="url" class="product-item-link" href="/p/50g-african-rub"><div class="product-item-image-container"><img class="lazyload product-item-image" data-src="/storage/images/image?remote=https%3A%2F%2Fmadavanilla.de%2FWebRoot%2FStore7%2FShops%2F6390bf67-3db7-4989-81d2-fd1d1df38751%2F61EF%2FA019%2F3BE1%2FA477%2F6314%2F0A48%2F352B%2F035F%2FAfrican-Rub.JPG&amp;shop=6390bf67-3db7-4989-81d2-fd1d1df38751&amp;width={width}&amp;height=2560" data-sizes="auto" alt="50g African Rub" decoding="async" width="1080" height="1080"><noscript></noscript></div><h2 class="product-item-title" itemprop="name">50g African Rub</h2></a><div class="product-item-info-box"><div class="product-item-price no-stock-level"><div itemscope="" itemprop="offers" itemtype="http://schema.org/Offer"><meta itemprop="url" content="/p/50g-african-rub"><meta itemprop="price" content="2.5"><meta itemprop="priceCurrency" content="EUR"><link itemprop="itemCondition" href="http://schema.org/NewCondition"></div><span class="product-item-price-reference">(1 kg = 50,00 €)</span><h3 class="product-item-price-new">2,50 €</h3></div></div></div></div><div class="swiper-slide product-item-list-swiper-slide product-item-list-items empty-product" style="width: 220px; margin-right: 30px;"></div><div class="swiper-slide product-item-list-swiper-slide product-item-list-items empty-product" style="width: 220px; margin-right: 30px;"></div><div class="swiper-slide product-item-list-swiper-slide product-item-list-items empty-product" style="width: 220px; margin-right: 30px;"></div></div><span class="swiper-notification" aria-live="assertive" aria-atomic="true"></span></div><div class="swiper-arrows grid-col-s"><div class="swiper-arrow-right" tabindex="0" role="button" aria-label="Next slide" aria-controls="swiper-wrapper-d4bdc4a6c1a1fb40" aria-disabled="false"></div><div class="swiper-arrow-left swiper-button-disabled" tabindex="-1" role="button" aria-label="Previous slide" aria-controls="swiper-wrapper-d4bdc4a6c1a1fb40" aria-disabled="true"></div></div></div></div></div></div></div></div></div></div><div id="block-18432e87-6498-4bec-bc3f-dc2090bcbd5c" data-testid="block-18432e87-6498-4bec-bc3f-dc2090bcbd5c" class="dali-block" data-block-type="epages.productslider" style="background-color:transparent;background-origin:border-box"><div class="dali-grid-row"><div class="dali-grid-column"><div class="dali-grid-element"><div class="dali-grid-element-wrapper"><div class="dali-plugin-text"><div class="dali-plugin-text-content"><h2><strong>Die besten Eintopf Kräuter (Mischungen)</strong></h2></div></div></div></div><div><div class="dali-grid-element"><div class="dali-grid-element-wrapper"><div class="product-slider"><div style="--slide-width: 220px;"><div class="swiper-container swiper-container-initialized swiper-container-horizontal swiper-container-pointer-events" style="cursor: grab;"><div class="swiper-wrapper product-item-list grid-col-s" id="swiper-wrapper-757fde6010b290641" aria-live="polite" style="transform: translate3d(0px, 0px, 0px);"><div class="swiper-slide product-item-list-swiper-slide swiper-slide-active" style="width: 220px; margin-right: 30px;"><div class="product-item" itemscope="" itemtype="http://schema.org/Product"><meta itemprop="sku" content="2016390"><meta itemprop="gtin13" content="4260355397378"><meta itemprop="image" content="/storage/images/image?remote=https%3A%2F%2Fmadavanilla.de%2FWebRoot%2FStore7%2FShops%2F6390bf67-3db7-4989-81d2-fd1d1df38751%2F5759%2F4652%2F6FF8%2FA412%2F87BD%2F0A48%2F3521%2F020C%2FTschu.JPG&amp;shop=6390bf67-3db7-4989-81d2-fd1d1df38751&amp;width=600&amp;height=2560"><a itemprop="url" class="product-item-link" href="/p/50g-tschubritza-bulgarisch-tchubritza"><div class="product-item-image-container"><img class="lazyload product-item-image" data-src="/storage/images/image?remote=https%3A%2F%2Fmadavanilla.de%2FWebRoot%2FStore7%2FShops%2F6390bf67-3db7-4989-81d2-fd1d1df38751%2F5759%2F4652%2F6FF8%2FA412%2F87BD%2F0A48%2F3521%2F020C%2FTschu.JPG&amp;shop=6390bf67-3db7-4989-81d2-fd1d1df38751&amp;width={width}&amp;height=2560" data-sizes="auto" alt="50g Tschubritza - Bulgarisch - Tchubritza" decoding="async" width="1080" height="1080"><noscript></noscript></div><h2 class="product-item-title" itemprop="name">50g Tschubritza - Bulgarisch - Tchubritza</h2></a><div class="product-item-info-box"><div class="product-item-price no-stock-level"><div itemscope="" itemprop="offers" itemtype="http://schema.org/Offer"><meta itemprop="url" content="/p/50g-tschubritza-bulgarisch-tchubritza"><meta itemprop="price" content="2.5"><meta itemprop="priceCurrency" content="EUR"><link itemprop="itemCondition" href="http://schema.org/NewCondition"></div><span class="product-item-price-reference">(1 kg = 50,00 €)</span><h3 class="product-item-price-new">2,50 €</h3></div></div></div></div><div class="swiper-slide product-item-list-swiper-slide swiper-slide-next" style="width: 220px; margin-right: 30px;"><div class="product-item" itemscope="" itemtype="http://schema.org/Product"><meta itemprop="sku" content="2016401"><meta itemprop="gtin13" content="4260355397439"><meta itemprop="image" content="/storage/images/image?remote=https%3A%2F%2Fmadavanilla.de%2FWebRoot%2FStore7%2FShops%2F6390bf67-3db7-4989-81d2-fd1d1df38751%2F5767%2FC960%2F77D6%2FACA6%2FEFD4%2F0A48%2F3521%2FB3D1%2FPuszta.JPG&amp;shop=6390bf67-3db7-4989-81d2-fd1d1df38751&amp;width=600&amp;height=2560"><a itemprop="url" class="product-item-link" href="/p/50g-puszta-gewuerzzubereitung-ungarisch"><div class="product-item-image-container"><img class="lazyload product-item-image" data-src="/storage/images/image?remote=https%3A%2F%2Fmadavanilla.de%2FWebRoot%2FStore7%2FShops%2F6390bf67-3db7-4989-81d2-fd1d1df38751%2F5767%2FC960%2F77D6%2FACA6%2FEFD4%2F0A48%2F3521%2FB3D1%2FPuszta.JPG&amp;shop=6390bf67-3db7-4989-81d2-fd1d1df38751&amp;width={width}&amp;height=2560" data-sizes="auto" alt="50g Puszta Gewürzzubereitung - ungarisch" decoding="async" width="1080" height="1080"><noscript></noscript></div><h2 class="product-item-title" itemprop="name">50g Puszta Gewürzzubereitung - ungarisch</h2></a><div class="product-item-info-box"><div class="product-item-price no-stock-level"><div itemscope="" itemprop="offers" itemtype="http://schema.org/Offer"><meta itemprop="url" content="/p/50g-puszta-gewuerzzubereitung-ungarisch"><meta itemprop="price" content="2.5"><meta itemprop="priceCurrency" content="EUR"><link itemprop="itemCondition" href="http://schema.org/NewCondition"></div><span class="product-item-price-reference">(1 kg = 50,00 €)</span><h3 class="product-item-price-new">2,50 €</h3></div></div></div></div><div class="swiper-slide product-item-list-swiper-slide" style="width: 220px; margin-right: 30px;"><div class="product-item" itemscope="" itemtype="http://schema.org/Product"><meta itemprop="sku" content="92"><meta itemprop="image" content="/storage/images/image?remote=https%3A%2F%2Fmadavanilla.de%2FWebRoot%2FStore7%2FShops%2F6390bf67-3db7-4989-81d2-fd1d1df38751%2F61EF%2FA4DC%2FDD42%2FFD06%2FB407%2F0A48%2F352B%2F0391%2FMajoran.JPG&amp;shop=6390bf67-3db7-4989-81d2-fd1d1df38751&amp;width=600&amp;height=2560"><a itemprop="url" class="product-item-link" href="/p/30g-majoran-gerebelt"><div class="product-item-image-container"><img class="lazyload product-item-image" data-src="/storage/images/image?remote=https%3A%2F%2Fmadavanilla.de%2FWebRoot%2FStore7%2FShops%2F6390bf67-3db7-4989-81d2-fd1d1df38751%2F61EF%2FA4DC%2FDD42%2FFD06%2FB407%2F0A48%2F352B%2F0391%2FMajoran.JPG&amp;shop=6390bf67-3db7-4989-81d2-fd1d1df38751&amp;width={width}&amp;height=2560" data-sizes="auto" alt="30g Majoran - gerebelt" decoding="async" width="1080" height="1080"><noscript></noscript></div><h2 class="product-item-title" itemprop="name">30g Majoran - gerebelt</h2></a><div class="product-item-info-box"><div class="product-item-price no-stock-level"><div itemscope="" itemprop="offers" itemtype="http://schema.org/Offer"><meta itemprop="url" content="/p/30g-majoran-gerebelt"><meta itemprop="price" content="2.5"><meta itemprop="priceCurrency" content="EUR"><link itemprop="itemCondition" href="http://schema.org/NewCondition"></div><span class="product-item-price-reference">(1 kg = 83,33 €)</span><h3 class="product-item-price-new">2,50 €</h3></div></div></div></div><div class="swiper-slide product-item-list-swiper-slide" style="width: 220px; margin-right: 30px;"><div class="product-item" itemscope="" itemtype="http://schema.org/Product"><meta itemprop="sku" content="717"><meta itemprop="image" content="/storage/images/image?remote=https%3A%2F%2Fmadavanilla.de%2FWebRoot%2FStore7%2FShops%2F6390bf67-3db7-4989-81d2-fd1d1df38751%2F5435%2F0761%2F912D%2FE24B%2FC710%2F0A48%2F3525%2F647A%2FLiebstoeckl.JPG&amp;shop=6390bf67-3db7-4989-81d2-fd1d1df38751&amp;width=600&amp;height=2560"><a itemprop="url" class="product-item-link" href="/p/25g-liebstoeckl-maggikraut"><div class="product-item-image-container"><img class="lazyload product-item-image" data-src="/storage/images/image?remote=https%3A%2F%2Fmadavanilla.de%2FWebRoot%2FStore7%2FShops%2F6390bf67-3db7-4989-81d2-fd1d1df38751%2F5435%2F0761%2F912D%2FE24B%2FC710%2F0A48%2F3525%2F647A%2FLiebstoeckl.JPG&amp;shop=6390bf67-3db7-4989-81d2-fd1d1df38751&amp;width={width}&amp;height=2560" data-sizes="auto" alt="25g Liebstöckl - Maggikraut" decoding="async" width="1080" height="1080"><noscript></noscript></div><h2 class="product-item-title" itemprop="name">25g Liebstöckl - Maggikraut</h2></a><div class="product-item-info-box"><div class="product-item-price no-stock-level"><div itemscope="" itemprop="offers" itemtype="http://schema.org/Offer"><meta itemprop="url" content="/p/25g-liebstoeckl-maggikraut"><meta itemprop="price" content="2.5"><meta itemprop="priceCurrency" content="EUR"><link itemprop="itemCondition" href="http://schema.org/NewCondition"></div><span class="product-item-price-reference">(1 kg = 100,00 €)</span><h3 class="product-item-price-new">2,50 €</h3></div></div></div></div><div class="swiper-slide product-item-list-swiper-slide" style="width: 220px; margin-right: 30px;"><div class="product-item" itemscope="" itemtype="http://schema.org/Product"><meta itemprop="sku" content="1286"><meta itemprop="image" content="/storage/images/image?remote=https%3A%2F%2Fmadavanilla.de%2FWebRoot%2FStore7%2FShops%2F6390bf67-3db7-4989-81d2-fd1d1df38751%2F5435%2F104C%2FCFE4%2FD227%2F31FC%2F0A48%2F3525%2F6485%2FKeltische-Kraeuterkueche.JPG&amp;shop=6390bf67-3db7-4989-81d2-fd1d1df38751&amp;width=600&amp;height=2560"><a itemprop="url" class="product-item-link" href="/p/25g-bio-keltische-kraeuterkueche-de-oeko-005"><div class="product-item-image-container"><img class="lazyload product-item-image" data-src="/storage/images/image?remote=https%3A%2F%2Fmadavanilla.de%2FWebRoot%2FStore7%2FShops%2F6390bf67-3db7-4989-81d2-fd1d1df38751%2F5435%2F104C%2FCFE4%2FD227%2F31FC%2F0A48%2F3525%2F6485%2FKeltische-Kraeuterkueche.JPG&amp;shop=6390bf67-3db7-4989-81d2-fd1d1df38751&amp;width={width}&amp;height=2560" data-sizes="auto" alt="25g Bio Keltische Kräuterküche - DE-ÖKO-005" decoding="async" width="1080" height="1080"><noscript></noscript></div><h2 class="product-item-title" itemprop="name">25g Bio Keltische Kräuterküche - DE-ÖKO-005</h2></a><div class="product-item-info-box"><div class="product-item-price no-stock-level"><div itemscope="" itemprop="offers" itemtype="http://schema.org/Offer"><meta itemprop="url" content="/p/25g-bio-keltische-kraeuterkueche-de-oeko-005"><meta itemprop="price" content="3.99"><meta itemprop="priceCurrency" content="EUR"><link itemprop="itemCondition" href="http://schema.org/NewCondition"></div><span class="product-item-price-reference">(1 kg = 159,60 €)</span><h3 class="product-item-price-new">3,99 €</h3></div></div></div></div><div class="swiper-slide product-item-list-swiper-slide" style="width: 220px; margin-right: 30px;"><div class="product-item" itemscope="" itemtype="http://schema.org/Product"><meta itemprop="sku" content="20201528"><meta itemprop="gtin13" content="4260588742990"><meta itemprop="image" content="/storage/images/image?remote=https%3A%2F%2Fmadavanilla.de%2FWebRoot%2FStore7%2FShops%2F6390bf67-3db7-4989-81d2-fd1d1df38751%2F5E3A%2F8C9B%2FAB37%2FAF98%2F7C80%2F0A48%2F3521%2FA15F%2FGriechischekraeuter.JPG&amp;shop=6390bf67-3db7-4989-81d2-fd1d1df38751&amp;width=600&amp;height=2560"><a itemprop="url" class="product-item-link" href="/p/35g-griechische-kraeuter-gewuerzmischung"><div class="product-item-image-container"><img class="lazyload product-item-image" data-src="/storage/images/image?remote=https%3A%2F%2Fmadavanilla.de%2FWebRoot%2FStore7%2FShops%2F6390bf67-3db7-4989-81d2-fd1d1df38751%2F5E3A%2F8C9B%2FAB37%2FAF98%2F7C80%2F0A48%2F3521%2FA15F%2FGriechischekraeuter.JPG&amp;shop=6390bf67-3db7-4989-81d2-fd1d1df38751&amp;width={width}&amp;height=2560" data-sizes="auto" alt="35g Griechische Kräuter - Gewürzmischung" decoding="async" width="864" height="1080"><noscript></noscript></div><h2 class="product-item-title" itemprop="name">35g Griechische Kräuter - Gewürzmischung</h2></a><div class="product-item-info-box"><div class="product-item-price no-stock-level"><div itemscope="" itemprop="offers" itemtype="http://schema.org/Offer"><meta itemprop="url" content="/p/35g-griechische-kraeuter-gewuerzmischung"><meta itemprop="price" content="2.5"><meta itemprop="priceCurrency" content="EUR"><link itemprop="itemCondition" href="http://schema.org/NewCondition"></div><span class="product-item-price-reference">(1 kg = 71,43 €)</span><h3 class="product-item-price-new">2,50 €</h3></div></div></div></div><div class="swiper-slide product-item-list-swiper-slide" style="width: 220px; margin-right: 30px;"><div class="product-item" itemscope="" itemtype="http://schema.org/Product"><meta itemprop="sku" content="20222623"><meta itemprop="gtin13" content="4260588745885"><meta itemprop="image" content="/storage/images/image?remote=https%3A%2F%2Fmadavanilla.de%2FWebRoot%2FStore7%2FShops%2F6390bf67-3db7-4989-81d2-fd1d1df38751%2F61DF%2FC99B%2FF014%2FC96A%2F2F1F%2F0A48%2F353D%2F3BCE%2FChmeli.JPG&amp;shop=6390bf67-3db7-4989-81d2-fd1d1df38751&amp;width=600&amp;height=2560"><a itemprop="url" class="product-item-link" href="/p/25g-chmeli-suneli-kraeutermischung"><div class="product-item-image-container"><img class="lazyload product-item-image" data-src="/storage/images/image?remote=https%3A%2F%2Fmadavanilla.de%2FWebRoot%2FStore7%2FShops%2F6390bf67-3db7-4989-81d2-fd1d1df38751%2F61DF%2FC99B%2FF014%2FC96A%2F2F1F%2F0A48%2F353D%2F3BCE%2FChmeli.JPG&amp;shop=6390bf67-3db7-4989-81d2-fd1d1df38751&amp;width={width}&amp;height=2560" data-sizes="auto" alt="25g Chmeli Suneli - Kräutermischung" decoding="async" width="1077" height="1077"><noscript></noscript></div><h2 class="product-item-title" itemprop="name">25g Chmeli Suneli - Kräutermischung</h2></a><div class="product-item-info-box"><div class="product-item-price no-stock-level"><div itemscope="" itemprop="offers" itemtype="http://schema.org/Offer"><meta itemprop="url" content="/p/25g-chmeli-suneli-kraeutermischung"><meta itemprop="price" content="2.5"><meta itemprop="priceCurrency" content="EUR"><link itemprop="itemCondition" href="http://schema.org/NewCondition"><div><div><div itemprop="priceSpecification" itemscope="" itemtype="http://schema.org/UnitPriceSpecification"><meta itemprop="price" content="2.35"><meta itemprop="priceCurrency" content="EUR"><div itemprop="eligibleQuantity" itemscope="" itemtype="http://schema.org/QuantitativeValue"><meta itemprop="minValue" content="5"><meta itemprop="maxValue" content="5"></div></div></div></div></div><span class="product-item-price-reference">(1 kg = 100,00 €)</span><h3 class="product-item-price-new">2,50 €</h3></div></div></div></div><div class="swiper-slide product-item-list-swiper-slide" style="width: 220px; margin-right: 30px;"><div class="product-item" itemscope="" itemtype="http://schema.org/Product"><meta itemprop="sku" content="127"><meta itemprop="image" content="/storage/images/image?remote=https%3A%2F%2Fmadavanilla.de%2FWebRoot%2FStore7%2FShops%2F6390bf67-3db7-4989-81d2-fd1d1df38751%2F5435%2F00F0%2F47A3%2F15F4%2F207F%2F0A48%2F3525%2F64A1%2FKraeuter-der-Provence.JPG&amp;shop=6390bf67-3db7-4989-81d2-fd1d1df38751&amp;width=600&amp;height=2560"><a itemprop="url" class="product-item-link" href="/p/25g-kraeuter-der-provence-mischung"><div class="product-item-image-container"><img class="lazyload product-item-image" data-src="/storage/images/image?remote=https%3A%2F%2Fmadavanilla.de%2FWebRoot%2FStore7%2FShops%2F6390bf67-3db7-4989-81d2-fd1d1df38751%2F5435%2F00F0%2F47A3%2F15F4%2F207F%2F0A48%2F3525%2F64A1%2FKraeuter-der-Provence.JPG&amp;shop=6390bf67-3db7-4989-81d2-fd1d1df38751&amp;width={width}&amp;height=2560" data-sizes="auto" alt="25g Kräuter der Provence - Mischung" decoding="async" width="1080" height="1080"><noscript></noscript></div><h2 class="product-item-title" itemprop="name">25g Kräuter der Provence - Mischung</h2></a><div class="product-item-info-box"><div class="product-item-price no-stock-level"><div itemscope="" itemprop="offers" itemtype="http://schema.org/Offer"><meta itemprop="url" content="/p/25g-kraeuter-der-provence-mischung"><meta itemprop="price" content="2.5"><meta itemprop="priceCurrency" content="EUR"><link itemprop="itemCondition" href="http://schema.org/NewCondition"></div><span class="product-item-price-reference">(1 kg = 100,00 €)</span><h3 class="product-item-price-new">2,50 €</h3></div></div></div></div><div class="swiper-slide product-item-list-swiper-slide" style="width: 220px; margin-right: 30px;"><div class="product-item" itemscope="" itemtype="http://schema.org/Product"><meta itemprop="sku" content="51"><meta itemprop="image" content="/storage/images/image?remote=https%3A%2F%2Fmadavanilla.de%2FWebRoot%2FStore7%2FShops%2F6390bf67-3db7-4989-81d2-fd1d1df38751%2F61EF%2FA402%2F57E7%2F1E7D%2F2C2D%2F0A48%2F352B%2F0369%2FItalienische-Kraeuter.JPG&amp;shop=6390bf67-3db7-4989-81d2-fd1d1df38751&amp;width=600&amp;height=2560"><a itemprop="url" class="product-item-link" href="/p/25g-italienische-kraeuter-kraeutermischung"><div class="product-item-image-container"><img class="lazyload product-item-image" data-src="/storage/images/image?remote=https%3A%2F%2Fmadavanilla.de%2FWebRoot%2FStore7%2FShops%2F6390bf67-3db7-4989-81d2-fd1d1df38751%2F61EF%2FA402%2F57E7%2F1E7D%2F2C2D%2F0A48%2F352B%2F0369%2FItalienische-Kraeuter.JPG&amp;shop=6390bf67-3db7-4989-81d2-fd1d1df38751&amp;width={width}&amp;height=2560" data-sizes="auto" alt="25g Italienische Kräuter - Kräutermischung" decoding="async" width="1080" height="1080"><noscript></noscript></div><h2 class="product-item-title" itemprop="name">25g Italienische Kräuter - Kräutermischung</h2></a><div class="product-item-info-box"><div class="product-item-price no-stock-level"><div itemscope="" itemprop="offers" itemtype="http://schema.org/Offer"><meta itemprop="url" content="/p/25g-italienische-kraeuter-kraeutermischung"><meta itemprop="price" content="2.5"><meta itemprop="priceCurrency" content="EUR"><link itemprop="itemCondition" href="http://schema.org/NewCondition"></div><span class="product-item-price-reference">(1 kg = 100,00 €)</span><h3 class="product-item-price-new">2,50 €</h3></div></div></div></div><div class="swiper-slide product-item-list-swiper-slide" style="width: 220px; margin-right: 30px;"><div class="product-item" itemscope="" itemtype="http://schema.org/Product"><meta itemprop="sku" content="134"><meta itemprop="image" content="/storage/images/image?remote=https%3A%2F%2Fmadavanilla.de%2FWebRoot%2FStore7%2FShops%2F6390bf67-3db7-4989-81d2-fd1d1df38751%2F61EF%2F9FB0%2FE3F7%2F57D8%2F4467%2F0A48%2F352B%2F037F%2F939870840227.png&amp;shop=6390bf67-3db7-4989-81d2-fd1d1df38751&amp;width=600&amp;height=2560"><a itemprop="url" class="product-item-link" href="/p/50g-gulaschgewuerz"><div class="product-item-image-container"><img class="lazyload product-item-image" data-src="/storage/images/image?remote=https%3A%2F%2Fmadavanilla.de%2FWebRoot%2FStore7%2FShops%2F6390bf67-3db7-4989-81d2-fd1d1df38751%2F61EF%2F9FB0%2FE3F7%2F57D8%2F4467%2F0A48%2F352B%2F037F%2F939870840227.png&amp;shop=6390bf67-3db7-4989-81d2-fd1d1df38751&amp;width={width}&amp;height=2560" data-sizes="auto" alt="50g Gulaschgewürz" decoding="async" width="500" height="288"><noscript></noscript></div><h2 class="product-item-title" itemprop="name">50g Gulaschgewürz</h2></a><div class="product-item-info-box"><div class="product-item-price no-stock-level"><div itemscope="" itemprop="offers" itemtype="http://schema.org/Offer"><meta itemprop="url" content="/p/50g-gulaschgewuerz"><meta itemprop="price" content="2.5"><meta itemprop="priceCurrency" content="EUR"><link itemprop="itemCondition" href="http://schema.org/NewCondition"></div><span class="product-item-price-reference">(1 kg = 50,00 €)</span><h3 class="product-item-price-new">2,50 €</h3></div></div></div></div><div class="swiper-slide product-item-list-swiper-slide" style="width: 220px; margin-right: 30px;"><div class="product-item" itemscope="" itemtype="http://schema.org/Product"><meta itemprop="sku" content="143"><meta itemprop="image" content="/storage/images/image?remote=https%3A%2F%2Fmadavanilla.de%2FWebRoot%2FStore7%2FShops%2F6390bf67-3db7-4989-81d2-fd1d1df38751%2F61EF%2F9FD9%2F2932%2F4F96%2FAF24%2F0A48%2F352B%2F03C8%2FWild-und-Sauerbraten.JPG&amp;shop=6390bf67-3db7-4989-81d2-fd1d1df38751&amp;width=600&amp;height=2560"><a itemprop="url" class="product-item-link" href="/p/50g-wildbret-und-sauerbraten-mischung"><div class="product-item-image-container"><img class="lazyload product-item-image" data-src="/storage/images/image?remote=https%3A%2F%2Fmadavanilla.de%2FWebRoot%2FStore7%2FShops%2F6390bf67-3db7-4989-81d2-fd1d1df38751%2F61EF%2F9FD9%2F2932%2F4F96%2FAF24%2F0A48%2F352B%2F03C8%2FWild-und-Sauerbraten.JPG&amp;shop=6390bf67-3db7-4989-81d2-fd1d1df38751&amp;width={width}&amp;height=2560" data-sizes="auto" alt="50g Wildbret &amp; Sauerbraten Mischung" decoding="async" width="1080" height="1080"><noscript></noscript></div><h2 class="product-item-title" itemprop="name">50g Wildbret &amp; Sauerbraten Mischung</h2></a><div class="product-item-info-box"><div class="product-item-price no-stock-level"><div itemscope="" itemprop="offers" itemtype="http://schema.org/Offer"><meta itemprop="url" content="/p/50g-wildbret-und-sauerbraten-mischung"><meta itemprop="price" content="2.5"><meta itemprop="priceCurrency" content="EUR"><link itemprop="itemCondition" href="http://schema.org/NewCondition"></div><span class="product-item-price-reference">(1 kg = 50,00 €)</span><h3 class="product-item-price-new">2,50 €</h3></div></div></div></div><div class="swiper-slide product-item-list-swiper-slide" style="width: 220px; margin-right: 30px;"><div class="product-item" itemscope="" itemtype="http://schema.org/Product"><meta itemprop="sku" content="102"><meta itemprop="image" content="/storage/images/image?remote=https%3A%2F%2Fmadavanilla.de%2FWebRoot%2FStore7%2FShops%2F6390bf67-3db7-4989-81d2-fd1d1df38751%2F61EF%2F9F34%2F2C57%2F205E%2F6795%2F0A48%2F352B%2F0385%2FRas-el-Hanout.JPG&amp;shop=6390bf67-3db7-4989-81d2-fd1d1df38751&amp;width=600&amp;height=2560"><a itemprop="url" class="product-item-link" href="/p/50g-ras-el-hanout-gewuerzzubereitung"><div class="product-item-image-container"><img class="lazyload product-item-image" data-src="/storage/images/image?remote=https%3A%2F%2Fmadavanilla.de%2FWebRoot%2FStore7%2FShops%2F6390bf67-3db7-4989-81d2-fd1d1df38751%2F61EF%2F9F34%2F2C57%2F205E%2F6795%2F0A48%2F352B%2F0385%2FRas-el-Hanout.JPG&amp;shop=6390bf67-3db7-4989-81d2-fd1d1df38751&amp;width={width}&amp;height=2560" data-sizes="auto" alt="50g Ras el Hanout - Gewürzzubereitung" decoding="async" width="1080" height="1080"><noscript></noscript></div><h2 class="product-item-title" itemprop="name">50g Ras el Hanout - Gewürzzubereitung</h2></a><div class="product-item-info-box"><div class="product-item-price no-stock-level"><div itemscope="" itemprop="offers" itemtype="http://schema.org/Offer"><meta itemprop="url" content="/p/50g-ras-el-hanout-gewuerzzubereitung"><meta itemprop="price" content="2.5"><meta itemprop="priceCurrency" content="EUR"><link itemprop="itemCondition" href="http://schema.org/NewCondition"><div><div><div itemprop="priceSpecification" itemscope="" itemtype="http://schema.org/UnitPriceSpecification"><meta itemprop="price" content="1.9"><meta itemprop="priceCurrency" content="EUR"><div itemprop="eligibleQuantity" itemscope="" itemtype="http://schema.org/QuantitativeValue"><meta itemprop="minValue" content="5"><meta itemprop="maxValue" content="5"></div></div></div></div></div><span class="product-item-price-reference">(1 kg = 50,00 €)</span><h3 class="product-item-price-new">2,50 €</h3></div></div></div></div><div class="swiper-slide product-item-list-swiper-slide product-item-list-items empty-product" style="width: 220px; margin-right: 30px;"></div><div class="swiper-slide product-item-list-swiper-slide product-item-list-items empty-product" style="width: 220px; margin-right: 30px;"></div><div class="swiper-slide product-item-list-swiper-slide product-item-list-items empty-product" style="width: 220px; margin-right: 30px;"></div></div><span class="swiper-notification" aria-live="assertive" aria-atomic="true"></span></div><div class="swiper-arrows grid-col-s"><div class="swiper-arrow-right" tabindex="0" role="button" aria-label="Next slide" aria-controls="swiper-wrapper-757fde6010b290641" aria-disabled="false"></div><div class="swiper-arrow-left swiper-button-disabled" tabindex="-1" role="button" aria-label="Previous slide" aria-controls="swiper-wrapper-757fde6010b290641" aria-disabled="true"></div></div></div></div></div></div></div></div></div></div><div id="block-bd524ba4-3006-4f0d-a75e-61c63f647552" data-testid="block-bd524ba4-3006-4f0d-a75e-61c63f647552" class="dali-block" data-block-type="epages.productslider" style="background-color:transparent;background-origin:border-box"><div class="dali-grid-row"><div class="dali-grid-column"><div class="dali-grid-element"><div class="dali-grid-element-wrapper"><div class="dali-plugin-text"><div class="dali-plugin-text-content"><h2>Verschiedene Asia Lebensmittel (z.B. für Sushi, Reis, Essig, Kokosmilch, Currypaste, Sojasauce.....)</h2></div></div></div></div><div><div class="dali-grid-element"><div class="dali-grid-element-wrapper"><div class="product-slider"><div style="--slide-width: 220px;"><div class="swiper-container swiper-container-initialized swiper-container-horizontal swiper-container-pointer-events" style="cursor: grab;"><div class="swiper-wrapper product-item-list grid-col-s" id="swiper-wrapper-dd584f6c23957885" aria-live="polite" style="transform: translate3d(0px, 0px, 0px);"><div class="swiper-slide product-item-list-swiper-slide swiper-slide-active" style="width: 220px; margin-right: 30px;"><div class="product-item" itemscope="" itemtype="http://schema.org/Product"><meta itemprop="sku" content="20191255"><meta itemprop="gtin13" content="4260588741511"><meta itemprop="image" content="/storage/images/image?remote=https%3A%2F%2Fmadavanilla.de%2FWebRoot%2FStore7%2FShops%2F6390bf67-3db7-4989-81d2-fd1d1df38751%2F5C76%2F660C%2F3D78%2FC1AB%2FFFBF%2F0A48%2F3521%2FE824%2FLightsoja.jpg&amp;shop=6390bf67-3db7-4989-81d2-fd1d1df38751&amp;width=600&amp;height=2560"><a itemprop="url" class="product-item-link" href="/p/premium-sojasauce-hell-light-lee-kum-kee-natuerlich-gebraut-500ml"><div class="product-item-image-container"><img class="lazyload product-item-image" data-src="/storage/images/image?remote=https%3A%2F%2Fmadavanilla.de%2FWebRoot%2FStore7%2FShops%2F6390bf67-3db7-4989-81d2-fd1d1df38751%2F5C76%2F660C%2F3D78%2FC1AB%2FFFBF%2F0A48%2F3521%2FE824%2FLightsoja.jpg&amp;shop=6390bf67-3db7-4989-81d2-fd1d1df38751&amp;width={width}&amp;height=2560" data-sizes="auto" alt="Premium Sojasauce hell Light Lee Kum Kee - natürlich gebraut 500ml" decoding="async" width="597" height="1079"><noscript></noscript></div><h2 class="product-item-title" itemprop="name">Premium Sojasauce hell Light Lee Kum Kee - natürlich gebraut 500ml</h2></a><div class="product-item-info-box"><div class="product-item-price no-stock-level"><div itemscope="" itemprop="offers" itemtype="http://schema.org/Offer"><meta itemprop="url" content="/p/premium-sojasauce-hell-light-lee-kum-kee-natuerlich-gebraut-500ml"><meta itemprop="price" content="4.99"><meta itemprop="priceCurrency" content="EUR"><link itemprop="itemCondition" href="http://schema.org/NewCondition"></div><span class="product-item-price-reference">(1 l = 9,98 €)</span><h3 class="product-item-price-new">4,99 €</h3></div></div></div></div><div class="swiper-slide product-item-list-swiper-slide swiper-slide-next" style="width: 220px; margin-right: 30px;"><div class="product-item" itemscope="" itemtype="http://schema.org/Product"><meta itemprop="sku" content="1770"><meta itemprop="gtin13" content="4316734083308"><meta itemprop="image" content="/storage/images/image?remote=https%3A%2F%2Fmadavanilla.de%2FWebRoot%2FStore7%2FShops%2F6390bf67-3db7-4989-81d2-fd1d1df38751%2F5435%2F1AFA%2F8172%2F9128%2F0837%2F0A48%2F3525%2F647E%2F658645228253.jpeg&amp;shop=6390bf67-3db7-4989-81d2-fd1d1df38751&amp;width=600&amp;height=2560"><a itemprop="url" class="product-item-link" href="/p/sambal-oelek-425g-diamond-oelek-olek-scharf"><div class="product-item-image-container"><img class="lazyload product-item-image" data-src="/storage/images/image?remote=https%3A%2F%2Fmadavanilla.de%2FWebRoot%2FStore7%2FShops%2F6390bf67-3db7-4989-81d2-fd1d1df38751%2F5435%2F1AFA%2F8172%2F9128%2F0837%2F0A48%2F3525%2F647E%2F658645228253.jpeg&amp;shop=6390bf67-3db7-4989-81d2-fd1d1df38751&amp;width={width}&amp;height=2560" data-sizes="auto" alt="Sambal Oelek 425g - Diamond - Ölek, Olek - scharf" decoding="async" width="131" height="350"><noscript></noscript></div><h2 class="product-item-title" itemprop="name">Sambal Oelek 425g - Diamond - Ölek, Olek - scharf</h2></a><div class="product-item-info-box"><div class="product-item-price no-stock-level"><div itemscope="" itemprop="offers" itemtype="http://schema.org/Offer"><meta itemprop="url" content="/p/sambal-oelek-425g-diamond-oelek-olek-scharf"><meta itemprop="price" content="3.99"><meta itemprop="priceCurrency" content="EUR"><link itemprop="itemCondition" href="http://schema.org/NewCondition"></div><span class="product-item-price-reference">(1 kg = 9,39 €)</span><h3 class="product-item-price-new">3,99 €</h3></div></div></div></div><div class="swiper-slide product-item-list-swiper-slide" style="width: 220px; margin-right: 30px;"><div class="product-item" itemscope="" itemtype="http://schema.org/Product"><meta itemprop="sku" content="1774"><meta itemprop="image" content="/storage/images/image?remote=https%3A%2F%2Fmadavanilla.de%2FWebRoot%2FStore7%2FShops%2F6390bf67-3db7-4989-81d2-fd1d1df38751%2F5435%2F1AFC%2FA57D%2FC112%2F9196%2F0A48%2F3525%2F64C0%2FCurrypasterot.JPG&amp;shop=6390bf67-3db7-4989-81d2-fd1d1df38751&amp;width=600&amp;height=2560"><a itemprop="url" class="product-item-link" href="/p/rote-thai-currypaste-400g-cock"><div class="product-item-image-container"><img class="lazyload product-item-image" data-src="/storage/images/image?remote=https%3A%2F%2Fmadavanilla.de%2FWebRoot%2FStore7%2FShops%2F6390bf67-3db7-4989-81d2-fd1d1df38751%2F5435%2F1AFC%2FA57D%2FC112%2F9196%2F0A48%2F3525%2F64C0%2FCurrypasterot.JPG&amp;shop=6390bf67-3db7-4989-81d2-fd1d1df38751&amp;width={width}&amp;height=2560" data-sizes="auto" alt="Rote Thai Currypaste 400g - Cock" decoding="async" width="864" height="1080"><noscript></noscript></div><h2 class="product-item-title" itemprop="name">Rote Thai Currypaste 400g - Cock</h2></a><div class="product-item-info-box"><div class="product-item-price no-stock-level"><div itemscope="" itemprop="offers" itemtype="http://schema.org/Offer"><meta itemprop="url" content="/p/rote-thai-currypaste-400g-cock"><meta itemprop="price" content="3.99"><meta itemprop="priceCurrency" content="EUR"><link itemprop="itemCondition" href="http://schema.org/NewCondition"></div><span class="product-item-price-reference">(1 kg = 9,98 €)</span><h3 class="product-item-price-new">3,99 €</h3></div></div></div></div><div class="swiper-slide product-item-list-swiper-slide" style="width: 220px; margin-right: 30px;"><div class="product-item" itemscope="" itemtype="http://schema.org/Product"><meta itemprop="sku" content="1773"><meta itemprop="gtin13" content="4260588745335"><meta itemprop="image" content="/storage/images/image?remote=https%3A%2F%2Fmadavanilla.de%2FWebRoot%2FStore7%2FShops%2F6390bf67-3db7-4989-81d2-fd1d1df38751%2F5435%2F1AFB%2FEA14%2FCE13%2F9835%2F0A48%2F3525%2F64C4%2Flightkokos.JPG&amp;shop=6390bf67-3db7-4989-81d2-fd1d1df38751&amp;width=600&amp;height=2560"><a itemprop="url" class="product-item-link" href="/p/400ml-kokosnussmilch-light-ungesuesst-kokosmilch"><div class="product-item-image-container"><img class="lazyload product-item-image" data-src="/storage/images/image?remote=https%3A%2F%2Fmadavanilla.de%2FWebRoot%2FStore7%2FShops%2F6390bf67-3db7-4989-81d2-fd1d1df38751%2F5435%2F1AFB%2FEA14%2FCE13%2F9835%2F0A48%2F3525%2F64C4%2Flightkokos.JPG&amp;shop=6390bf67-3db7-4989-81d2-fd1d1df38751&amp;width={width}&amp;height=2560" data-sizes="auto" alt="400ml KokosnussMILCH Light - ungesüßt -  KokosMILCH" decoding="async" width="864" height="1080"><noscript></noscript></div><h2 class="product-item-title" itemprop="name">400ml KokosnussMILCH Light - ungesüßt -  KokosMILCH</h2></a><div class="product-item-info-box"><div class="product-item-price no-stock-level"><div itemscope="" itemprop="offers" itemtype="http://schema.org/Offer"><meta itemprop="url" content="/p/400ml-kokosnussmilch-light-ungesuesst-kokosmilch"><meta itemprop="price" content="2.5"><meta itemprop="priceCurrency" content="EUR"><link itemprop="itemCondition" href="http://schema.org/NewCondition"></div><span class="product-item-price-reference">(1 l = 6,25 €)</span><h3 class="product-item-price-new">2,50 €</h3></div></div></div></div><div class="swiper-slide product-item-list-swiper-slide" style="width: 220px; margin-right: 30px;"><div class="product-item" itemscope="" itemtype="http://schema.org/Product"><meta itemprop="sku" content="1783"><meta itemprop="gtin13" content="4260588742259"><meta itemprop="image" content="/storage/images/image?remote=https%3A%2F%2Fmadavanilla.de%2FWebRoot%2FStore7%2FShops%2F6390bf67-3db7-4989-81d2-fd1d1df38751%2F5435%2F1B01%2FAC2D%2FDB84%2FA1BE%2F0A48%2F3525%2F64EE%2Ftamarindenpaste.jpg&amp;shop=6390bf67-3db7-4989-81d2-fd1d1df38751&amp;width=600&amp;height=2560"><a itemprop="url" class="product-item-link" href="/p/tamarindenpaste-thai-pride-195g"><div class="product-item-image-container"><img class="lazyload product-item-image" data-src="/storage/images/image?remote=https%3A%2F%2Fmadavanilla.de%2FWebRoot%2FStore7%2FShops%2F6390bf67-3db7-4989-81d2-fd1d1df38751%2F5435%2F1B01%2FAC2D%2FDB84%2FA1BE%2F0A48%2F3525%2F64EE%2Ftamarindenpaste.jpg&amp;shop=6390bf67-3db7-4989-81d2-fd1d1df38751&amp;width={width}&amp;height=2560" data-sizes="auto" alt="Tamarindenpaste - Thai Pride - 195g" decoding="async" width="277" height="350"><noscript></noscript></div><h2 class="product-item-title" itemprop="name">Tamarindenpaste - Thai Pride - 195g</h2></a><div class="product-item-info-box"><div class="product-item-price no-stock-level"><div itemscope="" itemprop="offers" itemtype="http://schema.org/Offer"><meta itemprop="url" content="/p/tamarindenpaste-thai-pride-195g"><meta itemprop="price" content="3.99"><meta itemprop="priceCurrency" content="EUR"><link itemprop="itemCondition" href="http://schema.org/NewCondition"></div><span class="product-item-price-reference">(1 kg = 20,46 €)</span><h3 class="product-item-price-new">3,99 €</h3></div></div></div></div><div class="swiper-slide product-item-list-swiper-slide" style="width: 220px; margin-right: 30px;"><div class="product-item" itemscope="" itemtype="http://schema.org/Product"><meta itemprop="sku" content="1857"><meta itemprop="image" content="/storage/images/image?remote=https%3A%2F%2Fmadavanilla.de%2FWebRoot%2FStore7%2FShops%2F6390bf67-3db7-4989-81d2-fd1d1df38751%2F5435%2F1C84%2FF81F%2FD42A%2F1A7B%2F0A48%2F3525%2F642D%2Fausternsauce.JPG&amp;shop=6390bf67-3db7-4989-81d2-fd1d1df38751&amp;width=600&amp;height=2560"><a itemprop="url" class="product-item-link" href="/p/austernsauce-thailand-300ml-oyster-austern"><div class="product-item-image-container"><img class="lazyload product-item-image" data-src="/storage/images/image?remote=https%3A%2F%2Fmadavanilla.de%2FWebRoot%2FStore7%2FShops%2F6390bf67-3db7-4989-81d2-fd1d1df38751%2F5435%2F1C84%2FF81F%2FD42A%2F1A7B%2F0A48%2F3525%2F642D%2Fausternsauce.JPG&amp;shop=6390bf67-3db7-4989-81d2-fd1d1df38751&amp;width={width}&amp;height=2560" data-sizes="auto" alt="AUSTERNSAUCE THAILAND 300ml Oyster, Austern" decoding="async" width="864" height="1080"><noscript></noscript></div><h2 class="product-item-title" itemprop="name">AUSTERNSAUCE THAILAND 300ml Oyster, Austern</h2></a><div class="product-item-info-box"><div class="product-item-price no-stock-level"><div itemscope="" itemprop="offers" itemtype="http://schema.org/Offer"><meta itemprop="url" content="/p/austernsauce-thailand-300ml-oyster-austern"><meta itemprop="price" content="3.99"><meta itemprop="priceCurrency" content="EUR"><link itemprop="itemCondition" href="http://schema.org/NewCondition"></div><span class="product-item-price-reference">(1 l = 13,30 €)</span><h3 class="product-item-price-new">3,99 €</h3></div></div></div></div><div class="swiper-slide product-item-list-swiper-slide" style="width: 220px; margin-right: 30px;"><div class="product-item" itemscope="" itemtype="http://schema.org/Product"><meta itemprop="sku" content="20212216"><meta itemprop="gtin13" content="4260588744901"><meta itemprop="image" content="/storage/images/image?remote=https%3A%2F%2Fmadavanilla.de%2FWebRoot%2FStore7%2FShops%2F6390bf67-3db7-4989-81d2-fd1d1df38751%2F6022%2F682E%2FEEAB%2FB24A%2FB7A4%2F0A48%2F35D6%2F6F35%2FSpareribsauce.JPG&amp;shop=6390bf67-3db7-4989-81d2-fd1d1df38751&amp;width=600&amp;height=2560"><a itemprop="url" class="product-item-link" href="/p/lee-kum-kee-spare-rip-sauce-397g-sonderpreis-mhd-10-23"><div class="product-item-image-container"><img class="lazyload product-item-image" data-src="/storage/images/image?remote=https%3A%2F%2Fmadavanilla.de%2FWebRoot%2FStore7%2FShops%2F6390bf67-3db7-4989-81d2-fd1d1df38751%2F6022%2F682E%2FEEAB%2FB24A%2FB7A4%2F0A48%2F35D6%2F6F35%2FSpareribsauce.JPG&amp;shop=6390bf67-3db7-4989-81d2-fd1d1df38751&amp;width={width}&amp;height=2560" data-sizes="auto" alt="Lee Kum Kee Spare Rip Sauce 397g Sonderpreis  MHD 10.23" decoding="async" width="1138" height="1080"><noscript></noscript></div><h2 class="product-item-title" itemprop="name">Lee Kum Kee Spare Rip Sauce 397g Sonderpreis  MHD 10.23</h2></a><div class="product-item-info-box"><div class="product-item-price no-stock-level"><div itemscope="" itemprop="offers" itemtype="http://schema.org/Offer"><meta itemprop="url" content="/p/lee-kum-kee-spare-rip-sauce-397g-sonderpreis-mhd-10-23"><meta itemprop="price" content="2.99"><meta itemprop="priceCurrency" content="EUR"><link itemprop="itemCondition" href="http://schema.org/NewCondition"></div><span class="product-item-price-reference">(1 kg = 7,53 €)</span><h3 class="product-item-price-new">2,99 €</h3></div></div></div></div><div class="swiper-slide product-item-list-swiper-slide" style="width: 220px; margin-right: 30px;"><div class="product-item" itemscope="" itemtype="http://schema.org/Product"><meta itemprop="sku" content="20181077"><meta itemprop="gtin13" content="4260588740576"><meta itemprop="image" content="/storage/images/image?remote=https%3A%2F%2Fmadavanilla.de%2FWebRoot%2FStore7%2FShops%2F6390bf67-3db7-4989-81d2-fd1d1df38751%2F5BBD%2FD1A2%2F655F%2FFC24%2F3B4E%2F0A48%2F3521%2FE05D%2FGingergarlic.JPG&amp;shop=6390bf67-3db7-4989-81d2-fd1d1df38751&amp;width=600&amp;height=2560"><a itemprop="url" class="product-item-link" href="/p/ingwer-knoblauch-paste-ginger-garlic-paste-300g-ashoka"><div class="product-item-image-container"><img class="lazyload product-item-image" data-src="/storage/images/image?remote=https%3A%2F%2Fmadavanilla.de%2FWebRoot%2FStore7%2FShops%2F6390bf67-3db7-4989-81d2-fd1d1df38751%2F5BBD%2FD1A2%2F655F%2FFC24%2F3B4E%2F0A48%2F3521%2FE05D%2FGingergarlic.JPG&amp;shop=6390bf67-3db7-4989-81d2-fd1d1df38751&amp;width={width}&amp;height=2560" data-sizes="auto" alt="Ingwer-Knoblauch Paste, Ginger Garlic Paste, 300g, Ashoka" decoding="async" width="864" height="1080"><noscript></noscript></div><h2 class="product-item-title" itemprop="name">Ingwer-Knoblauch Paste, Ginger Garlic Paste, 300g, Ashoka</h2></a><div class="product-item-info-box"><div class="product-item-price no-stock-level"><div itemscope="" itemprop="offers" itemtype="http://schema.org/Offer"><meta itemprop="url" content="/p/ingwer-knoblauch-paste-ginger-garlic-paste-300g-ashoka"><meta itemprop="price" content="3.99"><meta itemprop="priceCurrency" content="EUR"><link itemprop="itemCondition" href="http://schema.org/NewCondition"></div><span class="product-item-price-reference">(1 kg = 13,30 €)</span><h3 class="product-item-price-new">3,99 €</h3></div></div></div></div><div class="swiper-slide product-item-list-swiper-slide" style="width: 220px; margin-right: 30px;"><div class="product-item" itemscope="" itemtype="http://schema.org/Product"><meta itemprop="sku" content="20191257"><meta itemprop="gtin13" content="4260588741535"><meta itemprop="image" content="/storage/images/image?remote=https%3A%2F%2Fmadavanilla.de%2FWebRoot%2FStore7%2FShops%2F6390bf67-3db7-4989-81d2-fd1d1df38751%2F5C76%2F6912%2F7FA7%2F9744%2F24A4%2F0A48%2F3521%2F31B8%2FMangopulp.JPG&amp;shop=6390bf67-3db7-4989-81d2-fd1d1df38751&amp;width=600&amp;height=2560"><a itemprop="url" class="product-item-link" href="/p/850g-dose-kesar-mangopueree-oriental-mango-pulp-mango-pueree-klassiker-aus-indien"><div class="product-item-image-container"><img class="lazyload product-item-image" data-src="/storage/images/image?remote=https%3A%2F%2Fmadavanilla.de%2FWebRoot%2FStore7%2FShops%2F6390bf67-3db7-4989-81d2-fd1d1df38751%2F5C76%2F6912%2F7FA7%2F9744%2F24A4%2F0A48%2F3521%2F31B8%2FMangopulp.JPG&amp;shop=6390bf67-3db7-4989-81d2-fd1d1df38751&amp;width={width}&amp;height=2560" data-sizes="auto" alt="850g Dose Kesar Mangopüree Oriental Mango Pulp Mango Püree Klassiker aus Indien" decoding="async" width="864" height="1080"><noscript></noscript></div><h2 class="product-item-title" itemprop="name">850g Dose Kesar Mangopüree Oriental Mango Pulp Mango Püree Klassiker aus Indien</h2></a><div class="product-item-info-box"><div class="product-item-price no-stock-level"><div itemscope="" itemprop="offers" itemtype="http://schema.org/Offer"><meta itemprop="url" content="/p/850g-dose-kesar-mangopueree-oriental-mango-pulp-mango-pueree-klassiker-aus-indien"><meta itemprop="price" content="5.99"><meta itemprop="priceCurrency" content="EUR"><link itemprop="itemCondition" href="http://schema.org/NewCondition"></div><span class="product-item-price-reference">(1 kg = 7,05 €)</span><h3 class="product-item-price-new">5,99 €</h3></div></div></div></div><div class="swiper-slide product-item-list-swiper-slide" style="width: 220px; margin-right: 30px;"><div class="product-item" itemscope="" itemtype="http://schema.org/Product"><meta itemprop="sku" content="20181006"><meta itemprop="gtin13" content="4260588740248"><meta itemprop="image" content="/storage/images/image?remote=https%3A%2F%2Fmadavanilla.de%2FWebRoot%2FStore7%2FShops%2F6390bf67-3db7-4989-81d2-fd1d1df38751%2F5B58%2F52A6%2FFCF6%2F9A07%2FB259%2F0A48%2F3521%2FBACC%2Fchilibean.JPG&amp;shop=6390bf67-3db7-4989-81d2-fd1d1df38751&amp;width=600&amp;height=2560"><a itemprop="url" class="product-item-link" href="/p/lee-kum-kee-scharfe-bohnensauce-toban-djan-chilli-bean"><div class="product-item-image-container"><img class="lazyload product-item-image" data-src="/storage/images/image?remote=https%3A%2F%2Fmadavanilla.de%2FWebRoot%2FStore7%2FShops%2F6390bf67-3db7-4989-81d2-fd1d1df38751%2F5B58%2F52A6%2FFCF6%2F9A07%2FB259%2F0A48%2F3521%2FBACC%2Fchilibean.JPG&amp;shop=6390bf67-3db7-4989-81d2-fd1d1df38751&amp;width={width}&amp;height=2560" data-sizes="auto" alt="LEE KUM KEE Scharfe Bohnensauce ( Toban Djan ) Chilli Bean" decoding="async" width="864" height="1080"><noscript></noscript></div><h2 class="product-item-title" itemprop="name">LEE KUM KEE Scharfe Bohnensauce ( Toban Djan ) Chilli Bean</h2></a><div class="product-item-info-box"><div class="product-item-price no-stock-level"><div itemscope="" itemprop="offers" itemtype="http://schema.org/Offer"><meta itemprop="url" content="/p/lee-kum-kee-scharfe-bohnensauce-toban-djan-chilli-bean"><meta itemprop="price" content="5.99"><meta itemprop="priceCurrency" content="EUR"><link itemprop="itemCondition" href="http://schema.org/NewCondition"></div><span class="product-item-price-reference">(1 kg = 16,28 €)</span><h3 class="product-item-price-new">5,99 €</h3></div></div></div></div><div class="swiper-slide product-item-list-swiper-slide" style="width: 220px; margin-right: 30px;"><div class="product-item" itemscope="" itemtype="http://schema.org/Product"><meta itemprop="sku" content="20191254"><meta itemprop="gtin13" content="4260588741504"><meta itemprop="image" content="/storage/images/image?remote=https%3A%2F%2Fmadavanilla.de%2FWebRoot%2FStore7%2FShops%2F6390bf67-3db7-4989-81d2-fd1d1df38751%2F5C76%2F6309%2F30F6%2F573B%2F4022%2F0A48%2F3521%2F4EA2%2Fklebereismehl.JPG&amp;shop=6390bf67-3db7-4989-81d2-fd1d1df38751&amp;width=600&amp;height=2560"><a itemprop="url" class="product-item-link" href="/p/klebereismehl-400g-cock-brand"><div class="product-item-image-container"><img class="lazyload product-item-image" data-src="/storage/images/image?remote=https%3A%2F%2Fmadavanilla.de%2FWebRoot%2FStore7%2FShops%2F6390bf67-3db7-4989-81d2-fd1d1df38751%2F5C76%2F6309%2F30F6%2F573B%2F4022%2F0A48%2F3521%2F4EA2%2Fklebereismehl.JPG&amp;shop=6390bf67-3db7-4989-81d2-fd1d1df38751&amp;width={width}&amp;height=2560" data-sizes="auto" alt="Klebereismehl 400g - Cock Brand" decoding="async" width="894" height="1080"><noscript></noscript></div><h2 class="product-item-title" itemprop="name">Klebereismehl 400g - Cock Brand</h2></a><div class="product-item-info-box"><div class="product-item-price no-stock-level"><div itemscope="" itemprop="offers" itemtype="http://schema.org/Offer"><meta itemprop="url" content="/p/klebereismehl-400g-cock-brand"><meta itemprop="price" content="2.49"><meta itemprop="priceCurrency" content="EUR"><link itemprop="itemCondition" href="http://schema.org/NewCondition"></div><span class="product-item-price-reference">(1 kg = 6,23 €)</span><h3 class="product-item-price-new">2,49 €</h3></div></div></div></div><div class="swiper-slide product-item-list-swiper-slide product-item-list-items empty-product" style="width: 220px; margin-right: 30px;"></div><div class="swiper-slide product-item-list-swiper-slide product-item-list-items empty-product" style="width: 220px; margin-right: 30px;"></div><div class="swiper-slide product-item-list-swiper-slide product-item-list-items empty-product" style="width: 220px; margin-right: 30px;"></div><div class="swiper-slide product-item-list-swiper-slide product-item-list-items empty-product" style="width: 220px; margin-right: 30px;"></div></div><span class="swiper-notification" aria-live="assertive" aria-atomic="true"></span></div><div class="swiper-arrows grid-col-s"><div class="swiper-arrow-right" tabindex="0" role="button" aria-label="Next slide" aria-controls="swiper-wrapper-dd584f6c23957885" aria-disabled="false"></div><div class="swiper-arrow-left swiper-button-disabled" tabindex="-1" role="button" aria-label="Previous slide" aria-controls="swiper-wrapper-dd584f6c23957885" aria-disabled="true"></div></div></div></div></div></div></div></div></div></div><div id="block-c35be16f-0ae9-418b-9678-d57c1bca8917" data-testid="block-c35be16f-0ae9-418b-9678-d57c1bca8917" class="dali-block" data-block-type="epages.productslider" style="background-color:transparent;background-origin:border-box"><div class="dali-grid-row"><div class="dali-grid-column"><div class="dali-grid-element"><div class="dali-grid-element-wrapper"><div class="dali-plugin-text"><div class="dali-plugin-text-content"><h2>Einige unserer beliebtesten Curry Sorten</h2></div></div></div></div><div><div class="dali-grid-element"><div class="dali-grid-element-wrapper"><div class="product-slider"><div style="--slide-width: 220px;"><div class="swiper-container swiper-container-initialized swiper-container-horizontal swiper-container-pointer-events" style="cursor: grab;"><div class="swiper-wrapper product-item-list grid-col-s" id="swiper-wrapper-cd77750abd63827c" aria-live="polite" style="transform: translate3d(0px, 0px, 0px);"><div class="swiper-slide product-item-list-swiper-slide swiper-slide-active" style="width: 220px; margin-right: 30px;"><div class="product-item" itemscope="" itemtype="http://schema.org/Product"><meta itemprop="sku" content="100"><meta itemprop="image" content="/storage/images/image?remote=https%3A%2F%2Fmadavanilla.de%2FWebRoot%2FStore7%2FShops%2F6390bf67-3db7-4989-81d2-fd1d1df38751%2F61EF%2F9F2B%2F70BA%2F3B29%2FF6B6%2F0A48%2F352B%2F03CA%2FCurry-English.JPG&amp;shop=6390bf67-3db7-4989-81d2-fd1d1df38751&amp;width=600&amp;height=2560"><a itemprop="url" class="product-item-link" href="/p/50g-curry-englisch"><div class="product-item-image-container"><img class="lazyload product-item-image" data-src="/storage/images/image?remote=https%3A%2F%2Fmadavanilla.de%2FWebRoot%2FStore7%2FShops%2F6390bf67-3db7-4989-81d2-fd1d1df38751%2F61EF%2F9F2B%2F70BA%2F3B29%2FF6B6%2F0A48%2F352B%2F03CA%2FCurry-English.JPG&amp;shop=6390bf67-3db7-4989-81d2-fd1d1df38751&amp;width={width}&amp;height=2560" data-sizes="auto" alt="50g Curry – Englisch" decoding="async" width="1080" height="1080"><noscript></noscript></div><h2 class="product-item-title" itemprop="name">50g Curry – Englisch</h2></a><div class="product-item-info-box"><div class="product-item-price no-stock-level"><div itemscope="" itemprop="offers" itemtype="http://schema.org/Offer"><meta itemprop="url" content="/p/50g-curry-englisch"><meta itemprop="price" content="2.5"><meta itemprop="priceCurrency" content="EUR"><link itemprop="itemCondition" href="http://schema.org/NewCondition"><div><div><div itemprop="priceSpecification" itemscope="" itemtype="http://schema.org/UnitPriceSpecification"><meta itemprop="price" content="1.9"><meta itemprop="priceCurrency" content="EUR"><div itemprop="eligibleQuantity" itemscope="" itemtype="http://schema.org/QuantitativeValue"><meta itemprop="minValue" content="5"><meta itemprop="maxValue" content="5"></div></div></div><div><div itemprop="priceSpecification" itemscope="" itemtype="http://schema.org/UnitPriceSpecification"><meta itemprop="price" content="1.8"><meta itemprop="priceCurrency" content="EUR"><div itemprop="eligibleQuantity" itemscope="" itemtype="http://schema.org/QuantitativeValue"><meta itemprop="minValue" content="10"><meta itemprop="maxValue" content="10"></div></div></div></div></div><span class="product-item-price-reference">(1 kg = 50,00 €)</span><h3 class="product-item-price-new">2,50 €</h3></div></div></div></div><div class="swiper-slide product-item-list-swiper-slide swiper-slide-next" style="width: 220px; margin-right: 30px;"><div class="product-item" itemscope="" itemtype="http://schema.org/Product"><meta itemprop="sku" content="123"><meta itemprop="image" content="/storage/images/image?remote=https%3A%2F%2Fmadavanilla.de%2FWebRoot%2FStore7%2FShops%2F6390bf67-3db7-4989-81d2-fd1d1df38751%2F61EF%2F9F78%2FCD97%2F1FC8%2F82E7%2F0A48%2F352B%2F0322%2FMadras-Curry.JPG&amp;shop=6390bf67-3db7-4989-81d2-fd1d1df38751&amp;width=600&amp;height=2560"><a itemprop="url" class="product-item-link" href="/p/50g-curry-madras-indischer-curry"><div class="product-item-image-container"><img class="lazyload product-item-image" data-src="/storage/images/image?remote=https%3A%2F%2Fmadavanilla.de%2FWebRoot%2FStore7%2FShops%2F6390bf67-3db7-4989-81d2-fd1d1df38751%2F61EF%2F9F78%2FCD97%2F1FC8%2F82E7%2F0A48%2F352B%2F0322%2FMadras-Curry.JPG&amp;shop=6390bf67-3db7-4989-81d2-fd1d1df38751&amp;width={width}&amp;height=2560" data-sizes="auto" alt="50g Curry - Madras - Indischer Curry" decoding="async" width="1080" height="1080"><noscript></noscript></div><h2 class="product-item-title" itemprop="name">50g Curry - Madras - Indischer Curry</h2></a><div class="product-item-info-box"><div class="product-item-price no-stock-level"><div itemscope="" itemprop="offers" itemtype="http://schema.org/Offer"><meta itemprop="url" content="/p/50g-curry-madras-indischer-curry"><meta itemprop="price" content="2.5"><meta itemprop="priceCurrency" content="EUR"><link itemprop="itemCondition" href="http://schema.org/NewCondition"></div><span class="product-item-price-reference">(1 kg = 50,00 €)</span><h3 class="product-item-price-new">2,50 €</h3></div></div></div></div><div class="swiper-slide product-item-list-swiper-slide" style="width: 220px; margin-right: 30px;"><div class="product-item" itemscope="" itemtype="http://schema.org/Product"><meta itemprop="sku" content="125"><meta itemprop="image" content="/storage/images/image?remote=https%3A%2F%2Fmadavanilla.de%2FWebRoot%2FStore7%2FShops%2F6390bf67-3db7-4989-81d2-fd1d1df38751%2F61EF%2F9F83%2F078E%2F0A16%2F49D8%2F0A48%2F352B%2F035C%2FCurry-Oriental.JPG&amp;shop=6390bf67-3db7-4989-81d2-fd1d1df38751&amp;width=600&amp;height=2560"><a itemprop="url" class="product-item-link" href="/p/50g-curry-oriental"><div class="product-item-image-container"><img class="lazyload product-item-image" data-src="/storage/images/image?remote=https%3A%2F%2Fmadavanilla.de%2FWebRoot%2FStore7%2FShops%2F6390bf67-3db7-4989-81d2-fd1d1df38751%2F61EF%2F9F83%2F078E%2F0A16%2F49D8%2F0A48%2F352B%2F035C%2FCurry-Oriental.JPG&amp;shop=6390bf67-3db7-4989-81d2-fd1d1df38751&amp;width={width}&amp;height=2560" data-sizes="auto" alt="50g Curry - Oriental" decoding="async" width="1080" height="1080"><noscript></noscript></div><h2 class="product-item-title" itemprop="name">50g Curry - Oriental</h2></a><div class="product-item-info-box"><div class="product-item-price no-stock-level"><div itemscope="" itemprop="offers" itemtype="http://schema.org/Offer"><meta itemprop="url" content="/p/50g-curry-oriental"><meta itemprop="price" content="2.5"><meta itemprop="priceCurrency" content="EUR"><link itemprop="itemCondition" href="http://schema.org/NewCondition"></div><span class="product-item-price-reference">(1 kg = 50,00 €)</span><h3 class="product-item-price-new">2,50 €</h3></div></div></div></div><div class="swiper-slide product-item-list-swiper-slide" style="width: 220px; margin-right: 30px;"><div class="product-item" itemscope="" itemtype="http://schema.org/Product"><meta itemprop="sku" content="104"><meta itemprop="image" content="/storage/images/image?remote=https%3A%2F%2Fmadavanilla.de%2FWebRoot%2FStore7%2FShops%2F6390bf67-3db7-4989-81d2-fd1d1df38751%2F61EF%2F9F39%2FA671%2F27FA%2FE698%2F0A48%2F352B%2F039B%2FCurry-Thai.JPG&amp;shop=6390bf67-3db7-4989-81d2-fd1d1df38751&amp;width=600&amp;height=2560"><a itemprop="url" class="product-item-link" href="/p/50g-curry-thai"><div class="product-item-image-container"><img class="lazyload product-item-image" data-src="/storage/images/image?remote=https%3A%2F%2Fmadavanilla.de%2FWebRoot%2FStore7%2FShops%2F6390bf67-3db7-4989-81d2-fd1d1df38751%2F61EF%2F9F39%2FA671%2F27FA%2FE698%2F0A48%2F352B%2F039B%2FCurry-Thai.JPG&amp;shop=6390bf67-3db7-4989-81d2-fd1d1df38751&amp;width={width}&amp;height=2560" data-sizes="auto" alt="50g Curry - Thai" decoding="async" width="1080" height="1080"><noscript></noscript></div><h2 class="product-item-title" itemprop="name">50g Curry - Thai</h2></a><div class="product-item-info-box"><div class="product-item-price no-stock-level"><div itemscope="" itemprop="offers" itemtype="http://schema.org/Offer"><meta itemprop="url" content="/p/50g-curry-thai"><meta itemprop="price" content="2.5"><meta itemprop="priceCurrency" content="EUR"><link itemprop="itemCondition" href="http://schema.org/NewCondition"><div><div><div itemprop="priceSpecification" itemscope="" itemtype="http://schema.org/UnitPriceSpecification"><meta itemprop="price" content="2.38"><meta itemprop="priceCurrency" content="EUR"><div itemprop="eligibleQuantity" itemscope="" itemtype="http://schema.org/QuantitativeValue"><meta itemprop="minValue" content="5"><meta itemprop="maxValue" content="5"></div></div></div></div></div><span class="product-item-price-reference">(1 kg = 50,00 €)</span><h3 class="product-item-price-new">2,50 €</h3></div></div></div></div><div class="swiper-slide product-item-list-swiper-slide" style="width: 220px; margin-right: 30px;"><div class="product-item" itemscope="" itemtype="http://schema.org/Product"><meta itemprop="sku" content="1445"><meta itemprop="image" content="/storage/images/image?remote=https%3A%2F%2Fmadavanilla.de%2FWebRoot%2FStore7%2FShops%2F6390bf67-3db7-4989-81d2-fd1d1df38751%2F61EF%2F9FE0%2FE75C%2FE6E5%2FA9C0%2F0A48%2F352B%2F0308%2FBio-Curry-Lemon.JPG&amp;shop=6390bf67-3db7-4989-81d2-fd1d1df38751&amp;width=600&amp;height=2560"><a itemprop="url" class="product-item-link" href="/p/50g-bio-curry-lemon-de-oeko-005"><div class="product-item-image-container"><img class="lazyload product-item-image" data-src="/storage/images/image?remote=https%3A%2F%2Fmadavanilla.de%2FWebRoot%2FStore7%2FShops%2F6390bf67-3db7-4989-81d2-fd1d1df38751%2F61EF%2F9FE0%2FE75C%2FE6E5%2FA9C0%2F0A48%2F352B%2F0308%2FBio-Curry-Lemon.JPG&amp;shop=6390bf67-3db7-4989-81d2-fd1d1df38751&amp;width={width}&amp;height=2560" data-sizes="auto" alt="50g Bio Curry Lemon - DE-ÖKO-005" decoding="async" width="1080" height="1080"><noscript></noscript></div><h2 class="product-item-title" itemprop="name">50g Bio Curry Lemon - DE-ÖKO-005</h2></a><div class="product-item-info-box"><div class="product-item-price no-stock-level"><div itemscope="" itemprop="offers" itemtype="http://schema.org/Offer"><meta itemprop="url" content="/p/50g-bio-curry-lemon-de-oeko-005"><meta itemprop="price" content="3"><meta itemprop="priceCurrency" content="EUR"><link itemprop="itemCondition" href="http://schema.org/NewCondition"></div><span class="product-item-price-reference">(1 kg = 60,00 €)</span><h3 class="product-item-price-new">3,00 €</h3></div></div></div></div><div class="swiper-slide product-item-list-swiper-slide" style="width: 220px; margin-right: 30px;"><div class="product-item" itemscope="" itemtype="http://schema.org/Product"><meta itemprop="sku" content="1752"><meta itemprop="image" content="/storage/images/image?remote=https%3A%2F%2Fmadavanilla.de%2FWebRoot%2FStore7%2FShops%2F6390bf67-3db7-4989-81d2-fd1d1df38751%2F61EF%2FA06F%2F7928%2FD6DD%2F81EF%2F0A48%2F352B%2F0365%2FCurry-Thai.JPG&amp;shop=6390bf67-3db7-4989-81d2-fd1d1df38751&amp;width=600&amp;height=2560"><a itemprop="url" class="product-item-link" href="/p/50g-curry-mango"><div class="product-item-image-container"><img class="lazyload product-item-image" data-src="/storage/images/image?remote=https%3A%2F%2Fmadavanilla.de%2FWebRoot%2FStore7%2FShops%2F6390bf67-3db7-4989-81d2-fd1d1df38751%2F61EF%2FA06F%2F7928%2FD6DD%2F81EF%2F0A48%2F352B%2F0365%2FCurry-Thai.JPG&amp;shop=6390bf67-3db7-4989-81d2-fd1d1df38751&amp;width={width}&amp;height=2560" data-sizes="auto" alt="50g Curry -  Mango" decoding="async" width="1080" height="1080"><noscript></noscript></div><h2 class="product-item-title" itemprop="name">50g Curry -  Mango</h2></a><div class="product-item-info-box"><div class="product-item-price no-stock-level"><div itemscope="" itemprop="offers" itemtype="http://schema.org/Offer"><meta itemprop="url" content="/p/50g-curry-mango"><meta itemprop="price" content="2.5"><meta itemprop="priceCurrency" content="EUR"><link itemprop="itemCondition" href="http://schema.org/NewCondition"></div><span class="product-item-price-reference">(1 kg = 50,00 €)</span><h3 class="product-item-price-new">2,50 €</h3></div></div></div></div><div class="swiper-slide product-item-list-swiper-slide" style="width: 220px; margin-right: 30px;"><div class="product-item" itemscope="" itemtype="http://schema.org/Product"><meta itemprop="sku" content="1054"><meta itemprop="image" content="/storage/images/image?remote=https%3A%2F%2Fmadavanilla.de%2FWebRoot%2FStore7%2FShops%2F6390bf67-3db7-4989-81d2-fd1d1df38751%2F61EF%2F9F3B%2F66F1%2FA181%2FC0CC%2F0A48%2F352B%2F0381%2FCurry-Bananas.JPG&amp;shop=6390bf67-3db7-4989-81d2-fd1d1df38751&amp;width=600&amp;height=2560"><a itemprop="url" class="product-item-link" href="/p/50g-curry-bananas"><div class="product-item-image-container"><img class="lazyload product-item-image" data-src="/storage/images/image?remote=https%3A%2F%2Fmadavanilla.de%2FWebRoot%2FStore7%2FShops%2F6390bf67-3db7-4989-81d2-fd1d1df38751%2F61EF%2F9F3B%2F66F1%2FA181%2FC0CC%2F0A48%2F352B%2F0381%2FCurry-Bananas.JPG&amp;shop=6390bf67-3db7-4989-81d2-fd1d1df38751&amp;width={width}&amp;height=2560" data-sizes="auto" alt="50g Curry -  Bananas" decoding="async" width="1080" height="1080"><noscript></noscript></div><h2 class="product-item-title" itemprop="name">50g Curry -  Bananas</h2></a><div class="product-item-info-box"><div class="product-item-price no-stock-level"><div itemscope="" itemprop="offers" itemtype="http://schema.org/Offer"><meta itemprop="url" content="/p/50g-curry-bananas"><meta itemprop="price" content="2.5"><meta itemprop="priceCurrency" content="EUR"><link itemprop="itemCondition" href="http://schema.org/NewCondition"><div><div><div itemprop="priceSpecification" itemscope="" itemtype="http://schema.org/UnitPriceSpecification"><meta itemprop="price" content="1.9"><meta itemprop="priceCurrency" content="EUR"><div itemprop="eligibleQuantity" itemscope="" itemtype="http://schema.org/QuantitativeValue"><meta itemprop="minValue" content="5"><meta itemprop="maxValue" content="5"></div></div></div></div></div><span class="product-item-price-reference">(1 kg = 50,00 €)</span><h3 class="product-item-price-new">2,50 €</h3></div></div></div></div><div class="swiper-slide product-item-list-swiper-slide" style="width: 220px; margin-right: 30px;"><div class="product-item" itemscope="" itemtype="http://schema.org/Product"><meta itemprop="sku" content="176"><meta itemprop="image" content="/storage/images/image?remote=https%3A%2F%2Fmadavanilla.de%2FWebRoot%2FStore7%2FShops%2F6390bf67-3db7-4989-81d2-fd1d1df38751%2F61EF%2FA073%2F55B5%2F8FA1%2FBC32%2F0A48%2F352B%2F03D2%2FAnanas-Curry.JPG&amp;shop=6390bf67-3db7-4989-81d2-fd1d1df38751&amp;width=600&amp;height=2560"><a itemprop="url" class="product-item-link" href="/p/50g-curry-ananas"><div class="product-item-image-container"><img class="lazyload product-item-image" data-src="/storage/images/image?remote=https%3A%2F%2Fmadavanilla.de%2FWebRoot%2FStore7%2FShops%2F6390bf67-3db7-4989-81d2-fd1d1df38751%2F61EF%2FA073%2F55B5%2F8FA1%2FBC32%2F0A48%2F352B%2F03D2%2FAnanas-Curry.JPG&amp;shop=6390bf67-3db7-4989-81d2-fd1d1df38751&amp;width={width}&amp;height=2560" data-sizes="auto" alt="50g Curry Ananas" decoding="async" width="1080" height="1080"><noscript></noscript></div><h2 class="product-item-title" itemprop="name">50g Curry Ananas</h2></a><div class="product-item-info-box"><div class="product-item-price no-stock-level"><div itemscope="" itemprop="offers" itemtype="http://schema.org/Offer"><meta itemprop="url" content="/p/50g-curry-ananas"><meta itemprop="price" content="2.5"><meta itemprop="priceCurrency" content="EUR"><link itemprop="itemCondition" href="http://schema.org/NewCondition"></div><span class="product-item-price-reference">(1 kg = 50,00 €)</span><h3 class="product-item-price-new">2,50 €</h3></div></div></div></div><div class="swiper-slide product-item-list-swiper-slide" style="width: 220px; margin-right: 30px;"><div class="product-item" itemscope="" itemtype="http://schema.org/Product"><meta itemprop="sku" content="201584"><meta itemprop="image" content="/storage/images/image?remote=https%3A%2F%2Fmadavanilla.de%2FWebRoot%2FStore7%2FShops%2F6390bf67-3db7-4989-81d2-fd1d1df38751%2F5508%2F130F%2FD5F7%2F5508%2F6CC3%2F0A48%2F3521%2F42C8%2FMurg.jpg&amp;shop=6390bf67-3db7-4989-81d2-fd1d1df38751&amp;width=600&amp;height=2560"><a itemprop="url" class="product-item-link" href="/p/50g-curry-murg-kari-der-haehnchen-curry"><div class="product-item-image-container"><img class="lazyload product-item-image" data-src="/storage/images/image?remote=https%3A%2F%2Fmadavanilla.de%2FWebRoot%2FStore7%2FShops%2F6390bf67-3db7-4989-81d2-fd1d1df38751%2F5508%2F130F%2FD5F7%2F5508%2F6CC3%2F0A48%2F3521%2F42C8%2FMurg.jpg&amp;shop=6390bf67-3db7-4989-81d2-fd1d1df38751&amp;width={width}&amp;height=2560" data-sizes="auto" alt="50g Curry Murg Kari - DER Hähnchen Curry" decoding="async" width="1080" height="1080"><noscript></noscript></div><h2 class="product-item-title" itemprop="name">50g Curry Murg Kari - DER Hähnchen Curry</h2></a><div class="product-item-info-box"><div class="product-item-price no-stock-level"><div itemscope="" itemprop="offers" itemtype="http://schema.org/Offer"><meta itemprop="url" content="/p/50g-curry-murg-kari-der-haehnchen-curry"><meta itemprop="price" content="2.5"><meta itemprop="priceCurrency" content="EUR"><link itemprop="itemCondition" href="http://schema.org/NewCondition"></div><span class="product-item-price-reference">(1 kg = 50,00 €)</span><h3 class="product-item-price-new">2,50 €</h3></div></div></div></div><div class="swiper-slide product-item-list-swiper-slide" style="width: 220px; margin-right: 30px;"><div class="product-item" itemscope="" itemtype="http://schema.org/Product"><meta itemprop="sku" content="246"><meta itemprop="image" content="/storage/images/image?remote=https%3A%2F%2Fmadavanilla.de%2FWebRoot%2FStore7%2FShops%2F6390bf67-3db7-4989-81d2-fd1d1df38751%2F61EF%2FA375%2FA2BE%2F8043%2FFBB3%2F0A48%2F352B%2F030E%2F751240123060.jpeg&amp;shop=6390bf67-3db7-4989-81d2-fd1d1df38751&amp;width=600&amp;height=2560"><a itemprop="url" class="product-item-link" href="/p/50g-curry-madagaskar"><div class="product-item-image-container"><img class="lazyload product-item-image" data-src="/storage/images/image?remote=https%3A%2F%2Fmadavanilla.de%2FWebRoot%2FStore7%2FShops%2F6390bf67-3db7-4989-81d2-fd1d1df38751%2F61EF%2FA375%2FA2BE%2F8043%2FFBB3%2F0A48%2F352B%2F030E%2F751240123060.jpeg&amp;shop=6390bf67-3db7-4989-81d2-fd1d1df38751&amp;width={width}&amp;height=2560" data-sizes="auto" alt="50g Curry Madagaskar" decoding="async" width="400" height="300"><noscript></noscript></div><h2 class="product-item-title" itemprop="name">50g Curry Madagaskar</h2></a><div class="product-item-info-box"><div class="product-item-price no-stock-level"><div itemscope="" itemprop="offers" itemtype="http://schema.org/Offer"><meta itemprop="url" content="/p/50g-curry-madagaskar"><meta itemprop="price" content="2.5"><meta itemprop="priceCurrency" content="EUR"><link itemprop="itemCondition" href="http://schema.org/NewCondition"></div><span class="product-item-price-reference">(1 kg = 50,00 €)</span><h3 class="product-item-price-new">2,50 €</h3></div></div></div></div><div class="swiper-slide product-item-list-swiper-slide" style="width: 220px; margin-right: 30px;"><div class="product-item" itemscope="" itemtype="http://schema.org/Product"><meta itemprop="sku" content="20191242"><meta itemprop="image" content="/storage/images/image?remote=https%3A%2F%2Fmadavanilla.de%2FWebRoot%2FStore7%2FShops%2F6390bf67-3db7-4989-81d2-fd1d1df38751%2F5C6D%2F3459%2FD28A%2F4E55%2FB6EE%2F0A48%2F3521%2F57F4%2FDattelcurry.JPG&amp;shop=6390bf67-3db7-4989-81d2-fd1d1df38751&amp;width=600&amp;height=2560"><a itemprop="url" class="product-item-link" href="/p/50g-curry-dattel"><div class="product-item-image-container"><img class="lazyload product-item-image" data-src="/storage/images/image?remote=https%3A%2F%2Fmadavanilla.de%2FWebRoot%2FStore7%2FShops%2F6390bf67-3db7-4989-81d2-fd1d1df38751%2F5C6D%2F3459%2FD28A%2F4E55%2FB6EE%2F0A48%2F3521%2F57F4%2FDattelcurry.JPG&amp;shop=6390bf67-3db7-4989-81d2-fd1d1df38751&amp;width={width}&amp;height=2560" data-sizes="auto" alt="50g Curry Dattel" decoding="async" width="1080" height="1080"><noscript></noscript></div><h2 class="product-item-title" itemprop="name">50g Curry Dattel</h2></a><div class="product-item-info-box"><div class="product-item-price no-stock-level"><div itemscope="" itemprop="offers" itemtype="http://schema.org/Offer"><meta itemprop="url" content="/p/50g-curry-dattel"><meta itemprop="price" content="2.5"><meta itemprop="priceCurrency" content="EUR"><link itemprop="itemCondition" href="http://schema.org/NewCondition"></div><span class="product-item-price-reference">(1 kg = 50,00 €)</span><h3 class="product-item-price-new">2,50 €</h3></div></div></div></div><div class="swiper-slide product-item-list-swiper-slide" style="width: 220px; margin-right: 30px;"><div class="product-item" itemscope="" itemtype="http://schema.org/Product"><meta itemprop="sku" content="1899"><meta itemprop="image" content="/storage/images/image?remote=https%3A%2F%2Fmadavanilla.de%2FWebRoot%2FStore7%2FShops%2F6390bf67-3db7-4989-81d2-fd1d1df38751%2F61EF%2FA0C2%2F06AF%2F8234%2FE4F2%2F0A48%2F352B%2F03A5%2FBio-Ras-el-Hanout.JPG&amp;shop=6390bf67-3db7-4989-81d2-fd1d1df38751&amp;width=600&amp;height=2560"><a itemprop="url" class="product-item-link" href="/p/50g-colombo-karibische-curry-mischung"><div class="product-item-image-container"><img class="lazyload product-item-image" data-src="/storage/images/image?remote=https%3A%2F%2Fmadavanilla.de%2FWebRoot%2FStore7%2FShops%2F6390bf67-3db7-4989-81d2-fd1d1df38751%2F61EF%2FA0C2%2F06AF%2F8234%2FE4F2%2F0A48%2F352B%2F03A5%2FBio-Ras-el-Hanout.JPG&amp;shop=6390bf67-3db7-4989-81d2-fd1d1df38751&amp;width={width}&amp;height=2560" data-sizes="auto" alt="50g Colombo - Karibische Curry Mischung" decoding="async" width="1080" height="1080"><noscript></noscript></div><h2 class="product-item-title" itemprop="name">50g Colombo - Karibische Curry Mischung</h2></a><div class="product-item-info-box"><div class="product-item-price no-stock-level"><div itemscope="" itemprop="offers" itemtype="http://schema.org/Offer"><meta itemprop="url" content="/p/50g-colombo-karibische-curry-mischung"><meta itemprop="price" content="2.5"><meta itemprop="priceCurrency" content="EUR"><link itemprop="itemCondition" href="http://schema.org/NewCondition"></div><span class="product-item-price-reference">(1 kg = 50,00 €)</span><h3 class="product-item-price-new">2,50 €</h3></div></div></div></div><div class="swiper-slide product-item-list-swiper-slide product-item-list-items empty-product" style="width: 220px; margin-right: 30px;"></div><div class="swiper-slide product-item-list-swiper-slide product-item-list-items empty-product" style="width: 220px; margin-right: 30px;"></div><div class="swiper-slide product-item-list-swiper-slide product-item-list-items empty-product" style="width: 220px; margin-right: 30px;"></div></div><span class="swiper-notification" aria-live="assertive" aria-atomic="true"></span></div><div class="swiper-arrows grid-col-s"><div class="swiper-arrow-right" tabindex="0" role="button" aria-label="Next slide" aria-controls="swiper-wrapper-cd77750abd63827c" aria-disabled="false"></div><div class="swiper-arrow-left swiper-button-disabled" tabindex="-1" role="button" aria-label="Previous slide" aria-controls="swiper-wrapper-cd77750abd63827c" aria-disabled="true"></div></div></div></div></div></div></div></div></div></div><div id="block-ddc54996-0ad6-4e3d-9722-16964eeb09ab" data-testid="block-ddc54996-0ad6-4e3d-9722-16964eeb09ab" class="dali-block" data-block-type="epages.productslider" style="background-color:transparent;background-origin:border-box"><div class="dali-grid-row"><div class="dali-grid-column"><div class="dali-grid-element"><div class="dali-grid-element-wrapper"><div class="dali-plugin-text"><div class="dali-plugin-text-content"><h2>Backzutaten (eine kleine Auswahl)</h2></div></div></div></div><div><div class="dali-grid-element"><div class="dali-grid-element-wrapper"><div class="product-slider"><div style="--slide-width: 220px;"><div class="swiper-container swiper-container-initialized swiper-container-horizontal swiper-container-pointer-events" style="cursor: grab;"><div class="swiper-wrapper product-item-list grid-col-s" id="swiper-wrapper-8f0e735515e98ac6" aria-live="polite" style="transform: translate3d(0px, 0px, 0px);"><div class="swiper-slide product-item-list-swiper-slide swiper-slide-active" style="width: 220px; margin-right: 30px;"><div class="product-item" itemscope="" itemtype="http://schema.org/Product"><meta itemprop="sku" content="20222622"><meta itemprop="gtin13" content="4260588745854"><meta itemprop="image" content="/storage/images/image?remote=https%3A%2F%2Fmadavanilla.de%2FWebRoot%2FStore7%2FShops%2F6390bf67-3db7-4989-81d2-fd1d1df38751%2F61DE%2FBADC%2F6C3A%2F0BF8%2FFD76%2F0A48%2F353D%2F1DC3%2FBroetchenmehl.jpg&amp;shop=6390bf67-3db7-4989-81d2-fd1d1df38751&amp;width=600&amp;height=2560"><a itemprop="url" class="product-item-link" href="/p/500g-broetchenbackmittel-broetchenmehl-inkl-20g-trockenhefe"><div class="product-item-image-container"><img class="lazyload product-item-image" data-src="/storage/images/image?remote=https%3A%2F%2Fmadavanilla.de%2FWebRoot%2FStore7%2FShops%2F6390bf67-3db7-4989-81d2-fd1d1df38751%2F61DE%2FBADC%2F6C3A%2F0BF8%2FFD76%2F0A48%2F353D%2F1DC3%2FBroetchenmehl.jpg&amp;shop=6390bf67-3db7-4989-81d2-fd1d1df38751&amp;width={width}&amp;height=2560" data-sizes="auto" alt="500g Brötchenbackmittel - Brötchenmehl inkl. 20g Trockenhefe" decoding="async" width="1441" height="1080"><noscript></noscript></div><h2 class="product-item-title" itemprop="name">500g Brötchenbackmittel - Brötchenmehl inkl. 20g Trockenhefe</h2></a><div class="product-item-info-box"><div class="product-item-price no-stock-level"><div itemscope="" itemprop="offers" itemtype="http://schema.org/Offer"><meta itemprop="url" content="/p/500g-broetchenbackmittel-broetchenmehl-inkl-20g-trockenhefe"><meta itemprop="price" content="4.99"><meta itemprop="priceCurrency" content="EUR"><link itemprop="itemCondition" href="http://schema.org/NewCondition"></div><span class="product-item-price-reference">(1 kg = 9,98 €)</span><h3 class="product-item-price-new">4,99 €</h3></div></div></div></div><div class="swiper-slide product-item-list-swiper-slide swiper-slide-next" style="width: 220px; margin-right: 30px;"><div class="product-item" itemscope="" itemtype="http://schema.org/Product"><meta itemprop="sku" content="1901"><meta itemprop="gtin13" content="4260588743195"><meta itemprop="image" content="/storage/images/image?remote=https%3A%2F%2Fmadavanilla.de%2FWebRoot%2FStore7%2FShops%2F6390bf67-3db7-4989-81d2-fd1d1df38751%2F5435%2F1DD1%2F18D8%2F6BB7%2FFCC6%2F0A48%2F3525%2F64E7%2FDinkelmehl.jpg&amp;shop=6390bf67-3db7-4989-81d2-fd1d1df38751&amp;width=600&amp;height=2560"><a itemprop="url" class="product-item-link" href="/p/1kg-bio-roggenmehl-de-oeko-005"><div class="product-item-image-container"><img class="lazyload product-item-image" data-src="/storage/images/image?remote=https%3A%2F%2Fmadavanilla.de%2FWebRoot%2FStore7%2FShops%2F6390bf67-3db7-4989-81d2-fd1d1df38751%2F5435%2F1DD1%2F18D8%2F6BB7%2FFCC6%2F0A48%2F3525%2F64E7%2FDinkelmehl.jpg&amp;shop=6390bf67-3db7-4989-81d2-fd1d1df38751&amp;width={width}&amp;height=2560" data-sizes="auto" alt="1kg Bio Roggenmehl - DE-ÖKO-005" decoding="async" width="849" height="566"><noscript></noscript></div><h2 class="product-item-title" itemprop="name">1kg Bio Roggenmehl - DE-ÖKO-005</h2></a><div class="product-item-info-box"><div class="product-item-price no-stock-level"><div itemscope="" itemprop="offers" itemtype="http://schema.org/Offer"><meta itemprop="url" content="/p/1kg-bio-roggenmehl-de-oeko-005"><meta itemprop="price" content="5.95"><meta itemprop="priceCurrency" content="EUR"><link itemprop="itemCondition" href="http://schema.org/NewCondition"></div><span class="product-item-price-reference">(1 kg = 5,95 €)</span><h3 class="product-item-price-new">5,95 €</h3></div></div></div></div><div class="swiper-slide product-item-list-swiper-slide" style="width: 220px; margin-right: 30px;"><div class="product-item" itemscope="" itemtype="http://schema.org/Product"><meta itemprop="sku" content="20191212"><meta itemprop="gtin13" content="4260588741221"><meta itemprop="image" content="/storage/images/image?remote=https%3A%2F%2Fmadavanilla.de%2FWebRoot%2FStore7%2FShops%2F6390bf67-3db7-4989-81d2-fd1d1df38751%2F5C4E%2FE1B4%2F0ADD%2FA48E%2F0868%2F0A48%2F3521%2F6135%2FRoggenmalz.JPG&amp;shop=6390bf67-3db7-4989-81d2-fd1d1df38751&amp;width=600&amp;height=2560"><a itemprop="url" class="product-item-link" href="/p/500g-backmalz-roggenmalz-farbmalz-faerbemalz"><div class="product-item-image-container"><img class="lazyload product-item-image" data-src="/storage/images/image?remote=https%3A%2F%2Fmadavanilla.de%2FWebRoot%2FStore7%2FShops%2F6390bf67-3db7-4989-81d2-fd1d1df38751%2F5C4E%2FE1B4%2F0ADD%2FA48E%2F0868%2F0A48%2F3521%2F6135%2FRoggenmalz.JPG&amp;shop=6390bf67-3db7-4989-81d2-fd1d1df38751&amp;width={width}&amp;height=2560" data-sizes="auto" alt="500g Backmalz ROGGENMALZ Farbmalz, Färbemalz" decoding="async" width="901" height="1080"><noscript></noscript></div><h2 class="product-item-title" itemprop="name">500g Backmalz ROGGENMALZ Farbmalz, Färbemalz</h2></a><div class="product-item-info-box"><div class="product-item-price no-stock-level"><div itemscope="" itemprop="offers" itemtype="http://schema.org/Offer"><meta itemprop="url" content="/p/500g-backmalz-roggenmalz-farbmalz-faerbemalz"><meta itemprop="price" content="9.9"><meta itemprop="priceCurrency" content="EUR"><link itemprop="itemCondition" href="http://schema.org/NewCondition"></div><span class="product-item-price-reference">(1 kg = 19,80 €)</span><h3 class="product-item-price-new">9,90 €</h3></div></div></div></div><div class="swiper-slide product-item-list-swiper-slide" style="width: 220px; margin-right: 30px;"><div class="product-item" itemscope="" itemtype="http://schema.org/Product"><meta itemprop="sku" content="2016347"><meta itemprop="gtin13" content="4260355391543"><meta itemprop="image" content="/storage/images/image?remote=https%3A%2F%2Fmadavanilla.de%2FWebRoot%2FStore7%2FShops%2F6390bf67-3db7-4989-81d2-fd1d1df38751%2F56FD%2F2C47%2FBE55%2F599F%2F8C22%2F0A48%2F3521%2F24DC%2FDummy-Backmischungen-Dinkel-Roggen.jpg&amp;shop=6390bf67-3db7-4989-81d2-fd1d1df38751&amp;width=600&amp;height=2560"><a itemprop="url" class="product-item-link" href="/p/500g-bio-dinkel-roggen-brot-rolle-muehle-bio-brotbackmischung"><div class="product-item-image-container"><img class="lazyload product-item-image" data-src="/storage/images/image?remote=https%3A%2F%2Fmadavanilla.de%2FWebRoot%2FStore7%2FShops%2F6390bf67-3db7-4989-81d2-fd1d1df38751%2F56FD%2F2C47%2FBE55%2F599F%2F8C22%2F0A48%2F3521%2F24DC%2FDummy-Backmischungen-Dinkel-Roggen.jpg&amp;shop=6390bf67-3db7-4989-81d2-fd1d1df38751&amp;width={width}&amp;height=2560" data-sizes="auto" alt="500g Bio Dinkel-Roggen Brot - Rolle Mühle - Bio Brotbackmischung" decoding="async" width="829" height="1080"><noscript></noscript></div><h2 class="product-item-title" itemprop="name">500g Bio Dinkel-Roggen Brot - Rolle Mühle - Bio Brotbackmischung</h2></a><div class="product-item-info-box"><div class="product-item-price no-stock-level"><div itemscope="" itemprop="offers" itemtype="http://schema.org/Offer"><meta itemprop="url" content="/p/500g-bio-dinkel-roggen-brot-rolle-muehle-bio-brotbackmischung"><meta itemprop="price" content="3.5"><meta itemprop="priceCurrency" content="EUR"><link itemprop="itemCondition" href="http://schema.org/NewCondition"></div><span class="product-item-price-reference">(1 kg = 7,00 €)</span><h3 class="product-item-price-new">3,50 €</h3></div></div></div></div><div class="swiper-slide product-item-list-swiper-slide" style="width: 220px; margin-right: 30px;"><div class="product-item" itemscope="" itemtype="http://schema.org/Product"><meta itemprop="sku" content="2016341"><meta itemprop="gtin13" content="4260355397095"><meta itemprop="image" content="/storage/images/image?remote=https%3A%2F%2Fmadavanilla.de%2FWebRoot%2FStore7%2FShops%2F6390bf67-3db7-4989-81d2-fd1d1df38751%2F56F1%2F42A2%2F34E4%2F1B38%2F02D8%2F0A48%2F3521%2F56D5%2FVollei.JPG&amp;shop=6390bf67-3db7-4989-81d2-fd1d1df38751&amp;width=600&amp;height=2560"><a itemprop="url" class="product-item-link" href="/p/volleipulver-vollei-premiumqualitaet-spruehgetrocknet-eipulver-1kg-getrocknetes-ei"><div class="product-item-image-container"><img class="lazyload product-item-image" data-src="/storage/images/image?remote=https%3A%2F%2Fmadavanilla.de%2FWebRoot%2FStore7%2FShops%2F6390bf67-3db7-4989-81d2-fd1d1df38751%2F56F1%2F42A2%2F34E4%2F1B38%2F02D8%2F0A48%2F3521%2F56D5%2FVollei.JPG&amp;shop=6390bf67-3db7-4989-81d2-fd1d1df38751&amp;width={width}&amp;height=2560" data-sizes="auto" alt="Volleipulver Vollei Premiumqualität sprühgetrocknet Eipulver 1kg getrocknetes Ei" decoding="async" width="1080" height="1080"><noscript></noscript></div><h2 class="product-item-title" itemprop="name">Volleipulver Vollei Premiumqualität sprühgetrocknet Eipulver 1kg getrocknetes Ei</h2></a><div class="product-item-info-box"><div class="product-item-price"><div itemscope="" itemprop="offers" itemtype="http://schema.org/Offer"><meta itemprop="url" content="/p/volleipulver-vollei-premiumqualitaet-spruehgetrocknet-eipulver-1kg-getrocknetes-ei"><meta itemprop="price" content="29.9"><meta itemprop="priceCurrency" content="EUR"><link itemprop="availability" href="http://schema.org/InStock"><link itemprop="itemCondition" href="http://schema.org/NewCondition"></div><span class="product-item-price-reference">(1 kg = 29,90 €)</span><h3 class="product-item-price-new">29,90 €</h3></div><div class="product-item-availability"><span class="product-item-availability-icon in-stock-icon"></span><span class="product-item-availability-info">Auf Lager</span></div></div></div></div><div class="swiper-slide product-item-list-swiper-slide" style="width: 220px; margin-right: 30px;"><div class="product-item" itemscope="" itemtype="http://schema.org/Product"><meta itemprop="sku" content="201529"><meta itemprop="image" content="/storage/images/image?remote=https%3A%2F%2Fmadavanilla.de%2FWebRoot%2FStore7%2FShops%2F6390bf67-3db7-4989-81d2-fd1d1df38751%2F54D3%2F71E0%2F330A%2F398F%2FD503%2F0A48%2F3520%2FCD38%2FMilchpulver.jpg&amp;shop=6390bf67-3db7-4989-81d2-fd1d1df38751&amp;width=600&amp;height=2560"><a itemprop="url" class="product-item-link" href="/p/500g-magermilchpulver-spruehmagermilchpulver-milchpulver"><div class="product-item-image-container"><img class="lazyload product-item-image" data-src="/storage/images/image?remote=https%3A%2F%2Fmadavanilla.de%2FWebRoot%2FStore7%2FShops%2F6390bf67-3db7-4989-81d2-fd1d1df38751%2F54D3%2F71E0%2F330A%2F398F%2FD503%2F0A48%2F3520%2FCD38%2FMilchpulver.jpg&amp;shop=6390bf67-3db7-4989-81d2-fd1d1df38751&amp;width={width}&amp;height=2560" data-sizes="auto" alt="500g Magermilchpulver Sprühmagermilchpulver Milchpulver" decoding="async" width="1440" height="1080"><noscript></noscript></div><h2 class="product-item-title" itemprop="name">500g Magermilchpulver Sprühmagermilchpulver Milchpulver</h2></a><div class="product-item-info-box"><div class="product-item-price no-stock-level"><div itemscope="" itemprop="offers" itemtype="http://schema.org/Offer"><meta itemprop="url" content="/p/500g-magermilchpulver-spruehmagermilchpulver-milchpulver"><meta itemprop="price" content="9.99"><meta itemprop="priceCurrency" content="EUR"><link itemprop="itemCondition" href="http://schema.org/NewCondition"></div><span class="product-item-price-reference">(1 kg = 19,98 €)</span><h3 class="product-item-price-new">9,99 €</h3></div></div></div></div><div class="swiper-slide product-item-list-swiper-slide" style="width: 220px; margin-right: 30px;"><div class="product-item" itemscope="" itemtype="http://schema.org/Product"><meta itemprop="sku" content="201531"><meta itemprop="gtin13" content="4260355393202"><meta itemprop="image" content="/storage/images/image?remote=https%3A%2F%2Fmadavanilla.de%2FWebRoot%2FStore7%2FShops%2F6390bf67-3db7-4989-81d2-fd1d1df38751%2F54D3%2F7662%2F8C50%2F8E21%2FE7CE%2F0A48%2F3521%2F0948%2Fsoja-powder.jpg&amp;shop=6390bf67-3db7-4989-81d2-fd1d1df38751&amp;width=600&amp;height=2560"><a itemprop="url" class="product-item-link" href="/p/1kg-bio-sojamehl-fein-de-oeko-005"><div class="product-item-image-container"><img class="lazyload product-item-image" data-src="/storage/images/image?remote=https%3A%2F%2Fmadavanilla.de%2FWebRoot%2FStore7%2FShops%2F6390bf67-3db7-4989-81d2-fd1d1df38751%2F54D3%2F7662%2F8C50%2F8E21%2FE7CE%2F0A48%2F3521%2F0948%2Fsoja-powder.jpg&amp;shop=6390bf67-3db7-4989-81d2-fd1d1df38751&amp;width={width}&amp;height=2560" data-sizes="auto" alt="1kg Bio Sojamehl fein DE-ÖKO-005" decoding="async" width="1102" height="994"><noscript></noscript></div><h2 class="product-item-title" itemprop="name">1kg Bio Sojamehl fein DE-ÖKO-005</h2></a><div class="product-item-info-box"><div class="product-item-price no-stock-level"><div itemscope="" itemprop="offers" itemtype="http://schema.org/Offer"><meta itemprop="url" content="/p/1kg-bio-sojamehl-fein-de-oeko-005"><meta itemprop="price" content="7.95"><meta itemprop="priceCurrency" content="EUR"><link itemprop="itemCondition" href="http://schema.org/NewCondition"></div><span class="product-item-price-reference">(1 kg = 7,95 €)</span><h3 class="product-item-price-new">7,95 €</h3></div></div></div></div><div class="swiper-slide product-item-list-swiper-slide" style="width: 220px; margin-right: 30px;"><div class="product-item" itemscope="" itemtype="http://schema.org/Product"><meta itemprop="sku" content="20212271"><meta itemprop="gtin13" content="4260588745151"><meta itemprop="image" content="/storage/images/image?remote=https%3A%2F%2Fmadavanilla.de%2FWebRoot%2FStore7%2FShops%2F6390bf67-3db7-4989-81d2-fd1d1df38751%2F6048%2F9DC5%2F5CBB%2F9245%2FCB65%2F0A48%2F353C%2FB869%2FLupinenflocken.JPG&amp;shop=6390bf67-3db7-4989-81d2-fd1d1df38751&amp;width=600&amp;height=2560"><a itemprop="url" class="product-item-link" href="/p/500g-bio-lupinenflocken-de-oeko-005-lupinen-flocken"><div class="product-item-image-container"><img class="lazyload product-item-image" data-src="/storage/images/image?remote=https%3A%2F%2Fmadavanilla.de%2FWebRoot%2FStore7%2FShops%2F6390bf67-3db7-4989-81d2-fd1d1df38751%2F6048%2F9DC5%2F5CBB%2F9245%2FCB65%2F0A48%2F353C%2FB869%2FLupinenflocken.JPG&amp;shop=6390bf67-3db7-4989-81d2-fd1d1df38751&amp;width={width}&amp;height=2560" data-sizes="auto" alt="500g Bio Lupinenflocken- DE-ÖKO-005 - Lupinen Flocken" decoding="async" width="864" height="1080"><noscript></noscript></div><h2 class="product-item-title" itemprop="name">500g Bio Lupinenflocken- DE-ÖKO-005 - Lupinen Flocken</h2></a><div class="product-item-info-box"><div class="product-item-price no-stock-level"><div itemscope="" itemprop="offers" itemtype="http://schema.org/Offer"><meta itemprop="url" content="/p/500g-bio-lupinenflocken-de-oeko-005-lupinen-flocken"><meta itemprop="price" content="8.99"><meta itemprop="priceCurrency" content="EUR"><link itemprop="itemCondition" href="http://schema.org/NewCondition"></div><span class="product-item-price-reference">(1 kg = 17,98 €)</span><h3 class="product-item-price-new">8,99 €</h3></div></div></div></div><div class="swiper-slide product-item-list-swiper-slide" style="width: 220px; margin-right: 30px;"><div class="product-item" itemscope="" itemtype="http://schema.org/Product"><meta itemprop="sku" content="20191316"><meta itemprop="gtin13" content="4260588741948"><meta itemprop="image" content="/storage/images/image?remote=https%3A%2F%2Fmadavanilla.de%2FWebRoot%2FStore7%2FShops%2F6390bf67-3db7-4989-81d2-fd1d1df38751%2F5CD3%2FFB0C%2FEBEA%2F4EB2%2F4B59%2F0A48%2F3521%2F7BA7%2FDinkelsauer.jpg&amp;shop=6390bf67-3db7-4989-81d2-fd1d1df38751&amp;width=600&amp;height=2560"><a itemprop="url" class="product-item-link" href="/p/sauerteig-dinkel-fertigsauer-getrocknet-500g-profiware"><div class="product-item-image-container"><img class="lazyload product-item-image" data-src="/storage/images/image?remote=https%3A%2F%2Fmadavanilla.de%2FWebRoot%2FStore7%2FShops%2F6390bf67-3db7-4989-81d2-fd1d1df38751%2F5CD3%2FFB0C%2FEBEA%2F4EB2%2F4B59%2F0A48%2F3521%2F7BA7%2FDinkelsauer.jpg&amp;shop=6390bf67-3db7-4989-81d2-fd1d1df38751&amp;width={width}&amp;height=2560" data-sizes="auto" alt="Sauerteig Dinkel Fertigsauer, getrocknet 500g - Profiware" decoding="async" width="1251" height="1080"><noscript></noscript></div><h2 class="product-item-title" itemprop="name">Sauerteig Dinkel Fertigsauer, getrocknet 500g - Profiware</h2></a><div class="product-item-info-box"><div class="product-item-price no-stock-level"><div itemscope="" itemprop="offers" itemtype="http://schema.org/Offer"><meta itemprop="url" content="/p/sauerteig-dinkel-fertigsauer-getrocknet-500g-profiware"><meta itemprop="price" content="5.99"><meta itemprop="priceCurrency" content="EUR"><link itemprop="itemCondition" href="http://schema.org/NewCondition"></div><span class="product-item-price-reference">(1 kg = 11,98 €)</span><h3 class="product-item-price-new">5,99 €</h3></div></div></div></div><div class="swiper-slide product-item-list-swiper-slide" style="width: 220px; margin-right: 30px;"><div class="product-item" itemscope="" itemtype="http://schema.org/Product"><meta itemprop="sku" content="2016410"><meta itemprop="gtin13" content="4260355397484"><meta itemprop="image" content="/storage/images/image?remote=https%3A%2F%2Fmadavanilla.de%2FWebRoot%2FStore7%2FShops%2F6390bf67-3db7-4989-81d2-fd1d1df38751%2F577A%2F7761%2F1513%2F1DF7%2FE41C%2F0A48%2F3521%2FC2DB%2FEiweiss.JPG&amp;shop=6390bf67-3db7-4989-81d2-fd1d1df38751&amp;width=600&amp;height=2560"><a itemprop="url" class="product-item-link" href="/p/250g-joghurt-pulver-yoghurtpulver"><div class="product-item-image-container"><img class="lazyload product-item-image" data-src="/storage/images/image?remote=https%3A%2F%2Fmadavanilla.de%2FWebRoot%2FStore7%2FShops%2F6390bf67-3db7-4989-81d2-fd1d1df38751%2F577A%2F7761%2F1513%2F1DF7%2FE41C%2F0A48%2F3521%2FC2DB%2FEiweiss.JPG&amp;shop=6390bf67-3db7-4989-81d2-fd1d1df38751&amp;width={width}&amp;height=2560" data-sizes="auto" alt="250g Joghurt-Pulver - Yoghurtpulver" decoding="async" width="1080" height="1080"><noscript></noscript></div><h2 class="product-item-title" itemprop="name">250g Joghurt-Pulver - Yoghurtpulver</h2></a><div class="product-item-info-box"><div class="product-item-price no-stock-level"><div itemscope="" itemprop="offers" itemtype="http://schema.org/Offer"><meta itemprop="url" content="/p/250g-joghurt-pulver-yoghurtpulver"><meta itemprop="price" content="8.99"><meta itemprop="priceCurrency" content="EUR"><link itemprop="itemCondition" href="http://schema.org/NewCondition"></div><span class="product-item-price-reference">(1 kg = 35,96 €)</span><h3 class="product-item-price-new">8,99 €</h3></div></div></div></div><div class="swiper-slide product-item-list-swiper-slide" style="width: 220px; margin-right: 30px;"><div class="product-item" itemscope="" itemtype="http://schema.org/Product"><meta itemprop="sku" content="1769[3]"><meta itemprop="image" content="/storage/images/image?remote=https%3A%2F%2Fmadavanilla.de%2FWebRoot%2FStore7%2FShops%2F6390bf67-3db7-4989-81d2-fd1d1df38751%2F5E7C%2F8ACA%2FC8AF%2F5DFB%2F9837%2F0A48%2F3521%2F8CF0%2FTrockenhefe.JPG&amp;shop=6390bf67-3db7-4989-81d2-fd1d1df38751&amp;width=600&amp;height=2560"><a itemprop="url" class="product-item-link" href="/p/20g-trockenhefe-1-paeckchen-trocken-hefe"><div class="product-item-image-container"><img class="lazyload product-item-image" data-src="/storage/images/image?remote=https%3A%2F%2Fmadavanilla.de%2FWebRoot%2FStore7%2FShops%2F6390bf67-3db7-4989-81d2-fd1d1df38751%2F5E7C%2F8ACA%2FC8AF%2F5DFB%2F9837%2F0A48%2F3521%2F8CF0%2FTrockenhefe.JPG&amp;shop=6390bf67-3db7-4989-81d2-fd1d1df38751&amp;width={width}&amp;height=2560" data-sizes="auto" alt="20g Trockenhefe -  (1 Päckchen) Trocken Hefe" decoding="async" width="1080" height="1080"><noscript></noscript></div><h2 class="product-item-title" itemprop="name">20g Trockenhefe -  (1 Päckchen) Trocken Hefe</h2></a><div class="product-item-info-box"><div class="product-item-price no-stock-level"><div itemscope="" itemprop="offers" itemtype="http://schema.org/Offer"><meta itemprop="url" content="/p/20g-trockenhefe-1-paeckchen-trocken-hefe"><meta itemprop="price" content="2.5"><meta itemprop="priceCurrency" content="EUR"><link itemprop="itemCondition" href="http://schema.org/NewCondition"></div><span class="product-item-price-reference">(1 kg = 125,00 €)</span><h3 class="product-item-price-new">2,50 €</h3></div></div></div></div><div class="swiper-slide product-item-list-swiper-slide product-item-list-items empty-product" style="width: 220px; margin-right: 30px;"></div><div class="swiper-slide product-item-list-swiper-slide product-item-list-items empty-product" style="width: 220px; margin-right: 30px;"></div><div class="swiper-slide product-item-list-swiper-slide product-item-list-items empty-product" style="width: 220px; margin-right: 30px;"></div><div class="swiper-slide product-item-list-swiper-slide product-item-list-items empty-product" style="width: 220px; margin-right: 30px;"></div></div><span class="swiper-notification" aria-live="assertive" aria-atomic="true"></span></div><div class="swiper-arrows grid-col-s"><div class="swiper-arrow-right" tabindex="0" role="button" aria-label="Next slide" aria-controls="swiper-wrapper-8f0e735515e98ac6" aria-disabled="false"></div><div class="swiper-arrow-left swiper-button-disabled" tabindex="-1" role="button" aria-label="Previous slide" aria-controls="swiper-wrapper-8f0e735515e98ac6" aria-disabled="true"></div></div></div></div></div></div></div></div></div></div><div id="block-dc403f3e-031a-43b7-b5d4-91e76058d18b" data-testid="block-dc403f3e-031a-43b7-b5d4-91e76058d18b" class="dali-block" data-block-type="epages.productslider" style="background-color:transparent;background-origin:border-box"><div class="dali-grid-row"><div class="dali-grid-column"><div class="dali-grid-element"><div class="dali-grid-element-wrapper"><div class="dali-plugin-text"><div class="dali-plugin-text-content"><h2>EISZUTATEN (z.B. Eisbasis Pulver, Glukose, Frozen Yoghurt...)</h2></div></div></div></div><div><div class="dali-grid-element"><div class="dali-grid-element-wrapper"><div class="product-slider"><div style="--slide-width: 220px;"><div class="swiper-container swiper-container-initialized swiper-container-horizontal swiper-container-pointer-events" style="cursor: grab;"><div class="swiper-wrapper product-item-list grid-col-s" id="swiper-wrapper-dd8d88ee7e8177ea" aria-live="polite" style="transform: translate3d(0px, 0px, 0px);"><div class="swiper-slide product-item-list-swiper-slide swiper-slide-active" style="width: 220px; margin-right: 30px;"><div class="product-item" itemscope="" itemtype="http://schema.org/Product"><meta itemprop="sku" content="1184"><meta itemprop="gtin13" content="4260355392120"><meta itemprop="image" content="/storage/images/image?remote=https%3A%2F%2Fmadavanilla.de%2FWebRoot%2FStore7%2FShops%2F6390bf67-3db7-4989-81d2-fd1d1df38751%2F5435%2F1C10%2F4EEE%2FC9EB%2F0FF7%2F0A48%2F3525%2F64CA%2FStevia-Kristall.JPG&amp;shop=6390bf67-3db7-4989-81d2-fd1d1df38751&amp;width=600&amp;height=2560"><a itemprop="url" class="product-item-link" href="/p/250g-frozen-yoghurt-pulver-frozenjoghurt-frozenyogurt-yogurt-eis-ice-soft-eis"><div class="product-item-image-container"><img class="lazyload product-item-image" data-src="/storage/images/image?remote=https%3A%2F%2Fmadavanilla.de%2FWebRoot%2FStore7%2FShops%2F6390bf67-3db7-4989-81d2-fd1d1df38751%2F5435%2F1C10%2F4EEE%2FC9EB%2F0FF7%2F0A48%2F3525%2F64CA%2FStevia-Kristall.JPG&amp;shop=6390bf67-3db7-4989-81d2-fd1d1df38751&amp;width={width}&amp;height=2560" data-sizes="auto" alt="250g Frozen Yoghurt Pulver - Frozenjoghurt Frozenyogurt Yogurt Eis Ice Soft Eis" decoding="async" width="1080" height="1080"><noscript></noscript></div><h2 class="product-item-title" itemprop="name">250g Frozen Yoghurt Pulver - Frozenjoghurt Frozenyogurt Yogurt Eis Ice Soft Eis</h2></a><div class="product-item-info-box"><div class="product-item-price no-stock-level"><div itemscope="" itemprop="offers" itemtype="http://schema.org/Offer"><meta itemprop="url" content="/p/250g-frozen-yoghurt-pulver-frozenjoghurt-frozenyogurt-yogurt-eis-ice-soft-eis"><meta itemprop="price" content="3.99"><meta itemprop="priceCurrency" content="EUR"><link itemprop="itemCondition" href="http://schema.org/NewCondition"></div><span class="product-item-price-reference">(1 kg = 15,96 €)</span><h3 class="product-item-price-new">3,99 €</h3></div></div></div></div><div class="swiper-slide product-item-list-swiper-slide swiper-slide-next" style="width: 220px; margin-right: 30px;"><div class="product-item" itemscope="" itemtype="http://schema.org/Product"><meta itemprop="sku" content="20191312"><meta itemprop="gtin13" content="4260588741900"><meta itemprop="image" content="/storage/images/image?remote=https%3A%2F%2Fmadavanilla.de%2FWebRoot%2FStore7%2FShops%2F6390bf67-3db7-4989-81d2-fd1d1df38751%2F5CCA%2FEAA3%2F16BB%2F54DD%2F7366%2F0A48%2F3521%2F1B0C%2FMilcheis.JPG&amp;shop=6390bf67-3db7-4989-81d2-fd1d1df38751&amp;width=600&amp;height=2560"><a itemprop="url" class="product-item-link" href="/p/250g-milcheis-grundbasis-eispulver-milcheisbasis"><div class="product-item-image-container"><img class="lazyload product-item-image" data-src="/storage/images/image?remote=https%3A%2F%2Fmadavanilla.de%2FWebRoot%2FStore7%2FShops%2F6390bf67-3db7-4989-81d2-fd1d1df38751%2F5CCA%2FEAA3%2F16BB%2F54DD%2F7366%2F0A48%2F3521%2F1B0C%2FMilcheis.JPG&amp;shop=6390bf67-3db7-4989-81d2-fd1d1df38751&amp;width={width}&amp;height=2560" data-sizes="auto" alt="250g Milcheis Grundbasis - Eispulver Milcheisbasis" decoding="async" width="864" height="1080"><noscript></noscript></div><h2 class="product-item-title" itemprop="name">250g Milcheis Grundbasis - Eispulver Milcheisbasis</h2></a><div class="product-item-info-box"><div class="product-item-price no-stock-level"><div itemscope="" itemprop="offers" itemtype="http://schema.org/Offer"><meta itemprop="url" content="/p/250g-milcheis-grundbasis-eispulver-milcheisbasis"><meta itemprop="price" content="4.5"><meta itemprop="priceCurrency" content="EUR"><link itemprop="itemCondition" href="http://schema.org/NewCondition"></div><span class="product-item-price-reference">(1 kg = 18,00 €)</span><h3 class="product-item-price-new">4,50 €</h3></div></div></div></div><div class="swiper-slide product-item-list-swiper-slide" style="width: 220px; margin-right: 30px;"><div class="product-item" itemscope="" itemtype="http://schema.org/Product"><meta itemprop="sku" content="20191313"><meta itemprop="gtin13" content="4260588741917"><meta itemprop="image" content="/storage/images/image?remote=https%3A%2F%2Fmadavanilla.de%2FWebRoot%2FStore7%2FShops%2F6390bf67-3db7-4989-81d2-fd1d1df38751%2F5CCA%2FEBBB%2F61CB%2FFCDB%2FD878%2F0A48%2F3521%2F4795%2FFruchteis.JPG&amp;shop=6390bf67-3db7-4989-81d2-fd1d1df38751&amp;width=600&amp;height=2560"><a itemprop="url" class="product-item-link" href="/p/250g-fruchteis-grundmasse-eispulver"><div class="product-item-image-container"><img class="lazyload product-item-image" data-src="/storage/images/image?remote=https%3A%2F%2Fmadavanilla.de%2FWebRoot%2FStore7%2FShops%2F6390bf67-3db7-4989-81d2-fd1d1df38751%2F5CCA%2FEBBB%2F61CB%2FFCDB%2FD878%2F0A48%2F3521%2F4795%2FFruchteis.JPG&amp;shop=6390bf67-3db7-4989-81d2-fd1d1df38751&amp;width={width}&amp;height=2560" data-sizes="auto" alt="250g Fruchteis Grundmasse - Eispulver" decoding="async" width="864" height="1080"><noscript></noscript></div><h2 class="product-item-title" itemprop="name">250g Fruchteis Grundmasse - Eispulver</h2></a><div class="product-item-info-box"><div class="product-item-price no-stock-level"><div itemscope="" itemprop="offers" itemtype="http://schema.org/Offer"><meta itemprop="url" content="/p/250g-fruchteis-grundmasse-eispulver"><meta itemprop="price" content="6.9"><meta itemprop="priceCurrency" content="EUR"><link itemprop="itemCondition" href="http://schema.org/NewCondition"></div><span class="product-item-price-reference">(1 kg = 27,60 €)</span><h3 class="product-item-price-new">6,90 €</h3></div></div></div></div><div class="swiper-slide product-item-list-swiper-slide" style="width: 220px; margin-right: 30px;"><div class="product-item" itemscope="" itemtype="http://schema.org/Product"><meta itemprop="sku" content="201532"><meta itemprop="image" content="/storage/images/image?remote=https%3A%2F%2Fmadavanilla.de%2FWebRoot%2FStore7%2FShops%2F6390bf67-3db7-4989-81d2-fd1d1df38751%2F54D3%2F7A1D%2F2782%2FF923%2FCFA5%2F0A48%2F3521%2F068F%2Fdextrose.jpg&amp;shop=6390bf67-3db7-4989-81d2-fd1d1df38751&amp;width=600&amp;height=2560"><a itemprop="url" class="product-item-link" href="/p/1kg-dextrose"><div class="product-item-image-container"><img class="lazyload product-item-image" data-src="/storage/images/image?remote=https%3A%2F%2Fmadavanilla.de%2FWebRoot%2FStore7%2FShops%2F6390bf67-3db7-4989-81d2-fd1d1df38751%2F54D3%2F7A1D%2F2782%2FF923%2FCFA5%2F0A48%2F3521%2F068F%2Fdextrose.jpg&amp;shop=6390bf67-3db7-4989-81d2-fd1d1df38751&amp;width={width}&amp;height=2560" data-sizes="auto" alt="1kg Dextrose" decoding="async" width="1620" height="1080"><noscript></noscript></div><h2 class="product-item-title" itemprop="name">1kg Dextrose</h2></a><div class="product-item-info-box"><div class="product-item-price no-stock-level"><div itemscope="" itemprop="offers" itemtype="http://schema.org/Offer"><meta itemprop="url" content="/p/1kg-dextrose"><meta itemprop="price" content="3.99"><meta itemprop="priceCurrency" content="EUR"><link itemprop="itemCondition" href="http://schema.org/NewCondition"></div><span class="product-item-price-reference">(1 kg = 3,99 €)</span><h3 class="product-item-price-new">3,99 €</h3></div></div></div></div><div class="swiper-slide product-item-list-swiper-slide" style="width: 220px; margin-right: 30px;"><div class="product-item" itemscope="" itemtype="http://schema.org/Product"><meta itemprop="sku" content="201533"><meta itemprop="image" content="/storage/images/image?remote=https%3A%2F%2Fmadavanilla.de%2FWebRoot%2FStore7%2FShops%2F6390bf67-3db7-4989-81d2-fd1d1df38751%2F54D3%2F7AD9%2F8465%2FC768%2F4CC9%2F0A48%2F3520%2F1C32%2FStevia-Kristall.JPG&amp;shop=6390bf67-3db7-4989-81d2-fd1d1df38751&amp;width=600&amp;height=2560"><a itemprop="url" class="product-item-link" href="/p/trockenglucose-1kg-glucose-glycose-likoer-zucker-glukose"><div class="product-item-image-container"><img class="lazyload product-item-image" data-src="/storage/images/image?remote=https%3A%2F%2Fmadavanilla.de%2FWebRoot%2FStore7%2FShops%2F6390bf67-3db7-4989-81d2-fd1d1df38751%2F54D3%2F7AD9%2F8465%2FC768%2F4CC9%2F0A48%2F3520%2F1C32%2FStevia-Kristall.JPG&amp;shop=6390bf67-3db7-4989-81d2-fd1d1df38751&amp;width={width}&amp;height=2560" data-sizes="auto" alt="TROCKENGLUCOSE 1kg  Glucose, Glycose,  Likör Zucker - Glukose" decoding="async" width="1080" height="1080"><noscript></noscript></div><h2 class="product-item-title" itemprop="name">TROCKENGLUCOSE 1kg  Glucose, Glycose,  Likör Zucker - Glukose</h2></a><div class="product-item-info-box"><div class="product-item-price no-stock-level"><div itemscope="" itemprop="offers" itemtype="http://schema.org/Offer"><meta itemprop="url" content="/p/trockenglucose-1kg-glucose-glycose-likoer-zucker-glukose"><meta itemprop="price" content="7.99"><meta itemprop="priceCurrency" content="EUR"><link itemprop="itemCondition" href="http://schema.org/NewCondition"></div><span class="product-item-price-reference">(1 kg = 7,99 €)</span><h3 class="product-item-price-new">7,99 €</h3></div></div></div></div><div class="swiper-slide product-item-list-swiper-slide" style="width: 220px; margin-right: 30px;"><div class="product-item" itemscope="" itemtype="http://schema.org/Product"><meta itemprop="sku" content="1734"><meta itemprop="image" content="/storage/images/image?remote=https%3A%2F%2Fmadavanilla.de%2FWebRoot%2FStore7%2FShops%2F6390bf67-3db7-4989-81d2-fd1d1df38751%2F5435%2F1A05%2FA7F1%2F01B7%2FDDD2%2F0A48%2F3525%2F64CF%2F811228817145.JPG&amp;shop=6390bf67-3db7-4989-81d2-fd1d1df38751&amp;width=600&amp;height=2560"><a itemprop="url" class="product-item-link" href="/p/250g-isomalt"><div class="product-item-image-container"><img class="lazyload product-item-image" data-src="/storage/images/image?remote=https%3A%2F%2Fmadavanilla.de%2FWebRoot%2FStore7%2FShops%2F6390bf67-3db7-4989-81d2-fd1d1df38751%2F5435%2F1A05%2FA7F1%2F01B7%2FDDD2%2F0A48%2F3525%2F64CF%2F811228817145.JPG&amp;shop=6390bf67-3db7-4989-81d2-fd1d1df38751&amp;width={width}&amp;height=2560" data-sizes="auto" alt="250g Isomalt" decoding="async" width="1080" height="1080"><noscript></noscript></div><h2 class="product-item-title" itemprop="name">250g Isomalt</h2></a><div class="product-item-info-box"><div class="product-item-price no-stock-level"><div itemscope="" itemprop="offers" itemtype="http://schema.org/Offer"><meta itemprop="url" content="/p/250g-isomalt"><meta itemprop="price" content="2.9"><meta itemprop="priceCurrency" content="EUR"><link itemprop="itemCondition" href="http://schema.org/NewCondition"></div><span class="product-item-price-reference">(1 kg = 11,60 €)</span><h3 class="product-item-price-new">2,90 €</h3></div></div></div></div><div class="swiper-slide product-item-list-swiper-slide" style="width: 220px; margin-right: 30px;"><div class="product-item" itemscope="" itemtype="http://schema.org/Product"><meta itemprop="sku" content="1086"><meta itemprop="image" content="/storage/images/image?remote=https%3A%2F%2Fmadavanilla.de%2FWebRoot%2FStore7%2FShops%2F6390bf67-3db7-4989-81d2-fd1d1df38751%2F5435%2F0CD3%2FE560%2F53C0%2F75DE%2F0A48%2F3525%2F641A%2Fextrakt-ohne-Alkohol-100.jpg&amp;shop=6390bf67-3db7-4989-81d2-fd1d1df38751&amp;width=600&amp;height=2560"><a itemprop="url" class="product-item-link" href="/p/100ml-bourbon-vanille-extrakt-ohne-alkohol"><div class="product-item-image-container"><img class="lazyload product-item-image" data-src="/storage/images/image?remote=https%3A%2F%2Fmadavanilla.de%2FWebRoot%2FStore7%2FShops%2F6390bf67-3db7-4989-81d2-fd1d1df38751%2F5435%2F0CD3%2FE560%2F53C0%2F75DE%2F0A48%2F3525%2F641A%2Fextrakt-ohne-Alkohol-100.jpg&amp;shop=6390bf67-3db7-4989-81d2-fd1d1df38751&amp;width={width}&amp;height=2560" data-sizes="auto" alt="100ml Bourbon Vanille Extrakt - ohne Alkohol" decoding="async" width="1919" height="791"><noscript></noscript></div><h2 class="product-item-title" itemprop="name">100ml Bourbon Vanille Extrakt - ohne Alkohol</h2></a><div class="product-item-info-box"><div class="product-item-price no-stock-level"><div itemscope="" itemprop="offers" itemtype="http://schema.org/Offer"><meta itemprop="url" content="/p/100ml-bourbon-vanille-extrakt-ohne-alkohol"><meta itemprop="price" content="35"><meta itemprop="priceCurrency" content="EUR"><link itemprop="itemCondition" href="http://schema.org/NewCondition"><div><div><div itemprop="priceSpecification" itemscope="" itemtype="http://schema.org/UnitPriceSpecification"><meta itemprop="price" content="28.5"><meta itemprop="priceCurrency" content="EUR"><div itemprop="eligibleQuantity" itemscope="" itemtype="http://schema.org/QuantitativeValue"><meta itemprop="minValue" content="5"><meta itemprop="maxValue" content="5"></div></div></div></div></div><span class="product-item-price-reference">(1 l = 350,00 €)</span><h3 class="product-item-price-new">35,00 €</h3></div></div></div></div><div class="swiper-slide product-item-list-swiper-slide" style="width: 220px; margin-right: 30px;"><div class="product-item" itemscope="" itemtype="http://schema.org/Product"><meta itemprop="sku" content="1892"><meta itemprop="image" content="/storage/images/image?remote=https%3A%2F%2Fmadavanilla.de%2FWebRoot%2FStore7%2FShops%2F6390bf67-3db7-4989-81d2-fd1d1df38751%2F5435%2F1DAC%2F372B%2F3F17%2FEAE7%2F0A48%2F3525%2F6409%2FStevia-Kristall.JPG&amp;shop=6390bf67-3db7-4989-81d2-fd1d1df38751&amp;width=600&amp;height=2560"><a itemprop="url" class="product-item-link" href="/p/1kg-xylit-feinkoernig"><div class="product-item-image-container"><img class="lazyload product-item-image" data-src="/storage/images/image?remote=https%3A%2F%2Fmadavanilla.de%2FWebRoot%2FStore7%2FShops%2F6390bf67-3db7-4989-81d2-fd1d1df38751%2F5435%2F1DAC%2F372B%2F3F17%2FEAE7%2F0A48%2F3525%2F6409%2FStevia-Kristall.JPG&amp;shop=6390bf67-3db7-4989-81d2-fd1d1df38751&amp;width={width}&amp;height=2560" data-sizes="auto" alt="1kg Xylit feinkörnig" decoding="async" width="1080" height="1080"><noscript></noscript></div><h2 class="product-item-title" itemprop="name">1kg Xylit feinkörnig</h2></a><div class="product-item-info-box"><div class="product-item-price no-stock-level"><div itemscope="" itemprop="offers" itemtype="http://schema.org/Offer"><meta itemprop="url" content="/p/1kg-xylit-feinkoernig"><meta itemprop="price" content="12.9"><meta itemprop="priceCurrency" content="EUR"><link itemprop="itemCondition" href="http://schema.org/NewCondition"></div><span class="product-item-price-reference">(1 kg = 12,90 €)</span><h3 class="product-item-price-new">12,90 €</h3></div></div></div></div><div class="swiper-slide product-item-list-swiper-slide" style="width: 220px; margin-right: 30px;"><div class="product-item" itemscope="" itemtype="http://schema.org/Product"><meta itemprop="sku" content="2015122"><meta itemprop="image" content="/storage/images/image?remote=https%3A%2F%2Fmadavanilla.de%2FWebRoot%2FStore7%2FShops%2F6390bf67-3db7-4989-81d2-fd1d1df38751%2F5553%2F1FA5%2FCA9B%2F6E2B%2F71C2%2F0A48%2F3520%2F83EA%2FKokosblueten-zucker.JPG&amp;shop=6390bf67-3db7-4989-81d2-fd1d1df38751&amp;width=600&amp;height=2560"><a itemprop="url" class="product-item-link" href="/p/1000g-bio-kokosbluetenzucker-kokos-blueten-zucker-de-oeko-005"><div class="product-item-image-container"><img class="lazyload product-item-image" data-src="/storage/images/image?remote=https%3A%2F%2Fmadavanilla.de%2FWebRoot%2FStore7%2FShops%2F6390bf67-3db7-4989-81d2-fd1d1df38751%2F5553%2F1FA5%2FCA9B%2F6E2B%2F71C2%2F0A48%2F3520%2F83EA%2FKokosblueten-zucker.JPG&amp;shop=6390bf67-3db7-4989-81d2-fd1d1df38751&amp;width={width}&amp;height=2560" data-sizes="auto" alt="1000g Bio Kokosblütenzucker - Kokos Blüten Zucker - DE-ÖKO-005" decoding="async" width="1080" height="1080"><noscript></noscript></div><h2 class="product-item-title" itemprop="name">1000g Bio Kokosblütenzucker - Kokos Blüten Zucker - DE-ÖKO-005</h2></a><div class="product-item-info-box"><div class="product-item-price no-stock-level"><div itemscope="" itemprop="offers" itemtype="http://schema.org/Offer"><meta itemprop="url" content="/p/1000g-bio-kokosbluetenzucker-kokos-blueten-zucker-de-oeko-005"><meta itemprop="price" content="14.5"><meta itemprop="priceCurrency" content="EUR"><link itemprop="itemCondition" href="http://schema.org/NewCondition"><div><div><div itemprop="priceSpecification" itemscope="" itemtype="http://schema.org/UnitPriceSpecification"><meta itemprop="price" content="13.78"><meta itemprop="priceCurrency" content="EUR"><div itemprop="eligibleQuantity" itemscope="" itemtype="http://schema.org/QuantitativeValue"><meta itemprop="minValue" content="5"><meta itemprop="maxValue" content="5"></div></div></div></div></div><span class="product-item-price-reference">(1 kg = 14,50 €)</span><h3 class="product-item-price-new">14,50 €</h3></div></div></div></div><div class="swiper-slide product-item-list-swiper-slide" style="width: 220px; margin-right: 30px;"><div class="product-item" itemscope="" itemtype="http://schema.org/Product"><meta itemprop="sku" content="2016342"><meta itemprop="gtin13" content="4260355397101"><meta itemprop="image" content="/storage/images/image?remote=https%3A%2F%2Fmadavanilla.de%2FWebRoot%2FStore7%2FShops%2F6390bf67-3db7-4989-81d2-fd1d1df38751%2F56F1%2F4352%2FC265%2F693C%2F2AD0%2F0A48%2F3521%2FE856%2FEigelb.JPG&amp;shop=6390bf67-3db7-4989-81d2-fd1d1df38751&amp;width=600&amp;height=2560"><a itemprop="url" class="product-item-link" href="/p/eigelbpulver-eigelb-pulver-1kg"><div class="product-item-image-container"><img class="lazyload product-item-image" data-src="/storage/images/image?remote=https%3A%2F%2Fmadavanilla.de%2FWebRoot%2FStore7%2FShops%2F6390bf67-3db7-4989-81d2-fd1d1df38751%2F56F1%2F4352%2FC265%2F693C%2F2AD0%2F0A48%2F3521%2FE856%2FEigelb.JPG&amp;shop=6390bf67-3db7-4989-81d2-fd1d1df38751&amp;width={width}&amp;height=2560" data-sizes="auto" alt="Eigelbpulver - Eigelb Pulver 1kg" decoding="async" width="1080" height="1080"><noscript></noscript></div><h2 class="product-item-title" itemprop="name">Eigelbpulver - Eigelb Pulver 1kg</h2></a><div class="product-item-info-box"><div class="product-item-price no-stock-level"><div itemscope="" itemprop="offers" itemtype="http://schema.org/Offer"><meta itemprop="url" content="/p/eigelbpulver-eigelb-pulver-1kg"><meta itemprop="price" content="29.9"><meta itemprop="priceCurrency" content="EUR"><link itemprop="itemCondition" href="http://schema.org/NewCondition"></div><span class="product-item-price-reference">(1 kg = 29,90 €)</span><h3 class="product-item-price-new">29,90 €</h3></div></div></div></div><div class="swiper-slide product-item-list-swiper-slide" style="width: 220px; margin-right: 30px;"><div class="product-item" itemscope="" itemtype="http://schema.org/Product"><meta itemprop="sku" content="201529"><meta itemprop="image" content="/storage/images/image?remote=https%3A%2F%2Fmadavanilla.de%2FWebRoot%2FStore7%2FShops%2F6390bf67-3db7-4989-81d2-fd1d1df38751%2F54D3%2F71E0%2F330A%2F398F%2FD503%2F0A48%2F3520%2FCD38%2FMilchpulver.jpg&amp;shop=6390bf67-3db7-4989-81d2-fd1d1df38751&amp;width=600&amp;height=2560"><a itemprop="url" class="product-item-link" href="/p/500g-magermilchpulver-spruehmagermilchpulver-milchpulver"><div class="product-item-image-container"><img class="lazyload product-item-image" data-src="/storage/images/image?remote=https%3A%2F%2Fmadavanilla.de%2FWebRoot%2FStore7%2FShops%2F6390bf67-3db7-4989-81d2-fd1d1df38751%2F54D3%2F71E0%2F330A%2F398F%2FD503%2F0A48%2F3520%2FCD38%2FMilchpulver.jpg&amp;shop=6390bf67-3db7-4989-81d2-fd1d1df38751&amp;width={width}&amp;height=2560" data-sizes="auto" alt="500g Magermilchpulver Sprühmagermilchpulver Milchpulver" decoding="async" width="1440" height="1080"><noscript></noscript></div><h2 class="product-item-title" itemprop="name">500g Magermilchpulver Sprühmagermilchpulver Milchpulver</h2></a><div class="product-item-info-box"><div class="product-item-price no-stock-level"><div itemscope="" itemprop="offers" itemtype="http://schema.org/Offer"><meta itemprop="url" content="/p/500g-magermilchpulver-spruehmagermilchpulver-milchpulver"><meta itemprop="price" content="9.99"><meta itemprop="priceCurrency" content="EUR"><link itemprop="itemCondition" href="http://schema.org/NewCondition"></div><span class="product-item-price-reference">(1 kg = 19,98 €)</span><h3 class="product-item-price-new">9,99 €</h3></div></div></div></div><div class="swiper-slide product-item-list-swiper-slide" style="width: 220px; margin-right: 30px;"><div class="product-item" itemscope="" itemtype="http://schema.org/Product"><meta itemprop="sku" content="2016410"><meta itemprop="gtin13" content="4260355397484"><meta itemprop="image" content="/storage/images/image?remote=https%3A%2F%2Fmadavanilla.de%2FWebRoot%2FStore7%2FShops%2F6390bf67-3db7-4989-81d2-fd1d1df38751%2F577A%2F7761%2F1513%2F1DF7%2FE41C%2F0A48%2F3521%2FC2DB%2FEiweiss.JPG&amp;shop=6390bf67-3db7-4989-81d2-fd1d1df38751&amp;width=600&amp;height=2560"><a itemprop="url" class="product-item-link" href="/p/250g-joghurt-pulver-yoghurtpulver"><div class="product-item-image-container"><img class="lazyload product-item-image" data-src="/storage/images/image?remote=https%3A%2F%2Fmadavanilla.de%2FWebRoot%2FStore7%2FShops%2F6390bf67-3db7-4989-81d2-fd1d1df38751%2F577A%2F7761%2F1513%2F1DF7%2FE41C%2F0A48%2F3521%2FC2DB%2FEiweiss.JPG&amp;shop=6390bf67-3db7-4989-81d2-fd1d1df38751&amp;width={width}&amp;height=2560" data-sizes="auto" alt="250g Joghurt-Pulver - Yoghurtpulver" decoding="async" width="1080" height="1080"><noscript></noscript></div><h2 class="product-item-title" itemprop="name">250g Joghurt-Pulver - Yoghurtpulver</h2></a><div class="product-item-info-box"><div class="product-item-price no-stock-level"><div itemscope="" itemprop="offers" itemtype="http://schema.org/Offer"><meta itemprop="url" content="/p/250g-joghurt-pulver-yoghurtpulver"><meta itemprop="price" content="8.99"><meta itemprop="priceCurrency" content="EUR"><link itemprop="itemCondition" href="http://schema.org/NewCondition"></div><span class="product-item-price-reference">(1 kg = 35,96 €)</span><h3 class="product-item-price-new">8,99 €</h3></div></div></div></div><div class="swiper-slide product-item-list-swiper-slide product-item-list-items empty-product" style="width: 220px; margin-right: 30px;"></div><div class="swiper-slide product-item-list-swiper-slide product-item-list-items empty-product" style="width: 220px; margin-right: 30px;"></div><div class="swiper-slide product-item-list-swiper-slide product-item-list-items empty-product" style="width: 220px; margin-right: 30px;"></div></div><span class="swiper-notification" aria-live="assertive" aria-atomic="true"></span></div><div class="swiper-arrows grid-col-s"><div class="swiper-arrow-right" tabindex="0" role="button" aria-label="Next slide" aria-controls="swiper-wrapper-dd8d88ee7e8177ea" aria-disabled="false"></div><div class="swiper-arrow-left swiper-button-disabled" tabindex="-1" role="button" aria-label="Previous slide" aria-controls="swiper-wrapper-dd8d88ee7e8177ea" aria-disabled="true"></div></div></div></div></div></div></div></div></div></div><div id="block-37913646-69a3-483a-8a30-83b48a91212d" data-testid="block-37913646-69a3-483a-8a30-83b48a91212d" class="dali-block" data-block-type="epages.productslider" style="background-color:transparent;background-origin:border-box"><div class="dali-grid-row"><div class="dali-grid-column"><div class="dali-grid-element"><div class="dali-grid-element-wrapper"><div class="dali-plugin-text"><div class="dali-plugin-text-content"><h2><strong>Ihre BBQ Favoriten!</strong></h2></div></div></div></div><div><div class="dali-grid-element"><div class="dali-grid-element-wrapper"><div class="product-slider"><div style="--slide-width: 220px;"><div class="swiper-container swiper-container-initialized swiper-container-horizontal swiper-container-pointer-events" style="cursor: grab;"><div class="swiper-wrapper product-item-list grid-col-s" id="swiper-wrapper-9748f782b1c3cc76" aria-live="polite" style="transform: translate3d(0px, 0px, 0px);"><div class="swiper-slide product-item-list-swiper-slide swiper-slide-active" style="width: 220px; margin-right: 30px;"><div class="product-item" itemscope="" itemtype="http://schema.org/Product"><meta itemprop="sku" content="20181096"><meta itemprop="gtin13" content="4260588740729"><meta itemprop="image" content="/storage/images/image?remote=https%3A%2F%2Fmadavanilla.de%2FWebRoot%2FStore7%2FShops%2F6390bf67-3db7-4989-81d2-fd1d1df38751%2F5BD0%2F7258%2F92FE%2F3D51%2F49A3%2F0A48%2F3521%2FD710%2Fpulled.jpg&amp;shop=6390bf67-3db7-4989-81d2-fd1d1df38751&amp;width=600&amp;height=2560"><a itemprop="url" class="product-item-link" href="/p/50g-pulled-pork-rub-bbq"><div class="product-item-image-container"><img class="lazyload product-item-image" data-src="/storage/images/image?remote=https%3A%2F%2Fmadavanilla.de%2FWebRoot%2FStore7%2FShops%2F6390bf67-3db7-4989-81d2-fd1d1df38751%2F5BD0%2F7258%2F92FE%2F3D51%2F49A3%2F0A48%2F3521%2FD710%2Fpulled.jpg&amp;shop=6390bf67-3db7-4989-81d2-fd1d1df38751&amp;width={width}&amp;height=2560" data-sizes="auto" alt="50g Pulled Pork Rub - BBQ" decoding="async" width="1080" height="1080"><noscript></noscript></div><h2 class="product-item-title" itemprop="name">50g Pulled Pork Rub - BBQ</h2></a><div class="product-item-info-box"><div class="product-item-price no-stock-level"><div itemscope="" itemprop="offers" itemtype="http://schema.org/Offer"><meta itemprop="url" content="/p/50g-pulled-pork-rub-bbq"><meta itemprop="price" content="2.5"><meta itemprop="priceCurrency" content="EUR"><link itemprop="itemCondition" href="http://schema.org/NewCondition"></div><span class="product-item-price-reference">(1 kg = 50,00 €)</span><h3 class="product-item-price-new">2,50 €</h3></div></div></div></div><div class="swiper-slide product-item-list-swiper-slide swiper-slide-next" style="width: 220px; margin-right: 30px;"><div class="product-item" itemscope="" itemtype="http://schema.org/Product"><meta itemprop="sku" content="2016389"><meta itemprop="gtin13" content="4260355397361"><meta itemprop="image" content="/storage/images/image?remote=https%3A%2F%2Fmadavanilla.de%2FWebRoot%2FStore7%2FShops%2F6390bf67-3db7-4989-81d2-fd1d1df38751%2F5759%2F44ED%2F4D61%2FBB4B%2F4FA7%2F0A48%2F3521%2F27B8%2FMagic.JPG&amp;shop=6390bf67-3db7-4989-81d2-fd1d1df38751&amp;width=600&amp;height=2560"><a itemprop="url" class="product-item-link" href="/p/50g-magic-dust-bbq-gewuerzzubereitung"><div class="product-item-image-container"><img class="lazyload product-item-image" data-src="/storage/images/image?remote=https%3A%2F%2Fmadavanilla.de%2FWebRoot%2FStore7%2FShops%2F6390bf67-3db7-4989-81d2-fd1d1df38751%2F5759%2F44ED%2F4D61%2FBB4B%2F4FA7%2F0A48%2F3521%2F27B8%2FMagic.JPG&amp;shop=6390bf67-3db7-4989-81d2-fd1d1df38751&amp;width={width}&amp;height=2560" data-sizes="auto" alt="50g Magic Dust -  BBQ Gewürzzubereitung" decoding="async" width="1080" height="1080"><noscript></noscript></div><h2 class="product-item-title" itemprop="name">50g Magic Dust -  BBQ Gewürzzubereitung</h2></a><div class="product-item-info-box"><div class="product-item-price no-stock-level"><div itemscope="" itemprop="offers" itemtype="http://schema.org/Offer"><meta itemprop="url" content="/p/50g-magic-dust-bbq-gewuerzzubereitung"><meta itemprop="price" content="2.5"><meta itemprop="priceCurrency" content="EUR"><link itemprop="itemCondition" href="http://schema.org/NewCondition"></div><span class="product-item-price-reference">(1 kg = 50,00 €)</span><h3 class="product-item-price-new">2,50 €</h3></div></div></div></div><div class="swiper-slide product-item-list-swiper-slide" style="width: 220px; margin-right: 30px;"><div class="product-item" itemscope="" itemtype="http://schema.org/Product"><meta itemprop="sku" content="2018852"><meta itemprop="gtin13" content="4260355399358"><meta itemprop="image" content="/storage/images/image?remote=https%3A%2F%2Fmadavanilla.de%2FWebRoot%2FStore7%2FShops%2F6390bf67-3db7-4989-81d2-fd1d1df38751%2F5A69%2FA648%2FAA5B%2FFDD2%2FDC3A%2F0A48%2F3521%2F845F%2FBrisket.JPG&amp;shop=6390bf67-3db7-4989-81d2-fd1d1df38751&amp;width=600&amp;height=2560"><a itemprop="url" class="product-item-link" href="/p/50g-brisket-bbq-gewuerzzubereitung-bbq-klassiker"><div class="product-item-image-container"><img class="lazyload product-item-image" data-src="/storage/images/image?remote=https%3A%2F%2Fmadavanilla.de%2FWebRoot%2FStore7%2FShops%2F6390bf67-3db7-4989-81d2-fd1d1df38751%2F5A69%2FA648%2FAA5B%2FFDD2%2FDC3A%2F0A48%2F3521%2F845F%2FBrisket.JPG&amp;shop=6390bf67-3db7-4989-81d2-fd1d1df38751&amp;width={width}&amp;height=2560" data-sizes="auto" alt="50g Brisket BBQ Gewürzzubereitung (BBQ Klassiker)" decoding="async" width="1080" height="1080"><noscript></noscript></div><h2 class="product-item-title" itemprop="name">50g Brisket BBQ Gewürzzubereitung (BBQ Klassiker)</h2></a><div class="product-item-info-box"><div class="product-item-price no-stock-level"><div itemscope="" itemprop="offers" itemtype="http://schema.org/Offer"><meta itemprop="url" content="/p/50g-brisket-bbq-gewuerzzubereitung-bbq-klassiker"><meta itemprop="price" content="2.5"><meta itemprop="priceCurrency" content="EUR"><link itemprop="itemCondition" href="http://schema.org/NewCondition"></div><span class="product-item-price-reference">(1 kg = 50,00 €)</span><h3 class="product-item-price-new">2,50 €</h3></div></div></div></div><div class="swiper-slide product-item-list-swiper-slide" style="width: 220px; margin-right: 30px;"><div class="product-item" itemscope="" itemtype="http://schema.org/Product"><meta itemprop="sku" content="2018947"><meta itemprop="gtin13" content="4260355399976"><meta itemprop="image" content="/storage/images/image?remote=https%3A%2F%2Fmadavanilla.de%2FWebRoot%2FStore7%2FShops%2F6390bf67-3db7-4989-81d2-fd1d1df38751%2F5AAC%2F0944%2F995A%2F3889%2F1233%2F0A48%2F3620%2F11F0%2FChilibbq.JPG&amp;shop=6390bf67-3db7-4989-81d2-fd1d1df38751&amp;width=600&amp;height=2560"><a itemprop="url" class="product-item-link" href="/p/50g-chili-bbq-steak-grill-gewuerz"><div class="product-item-image-container"><img class="lazyload product-item-image" data-src="/storage/images/image?remote=https%3A%2F%2Fmadavanilla.de%2FWebRoot%2FStore7%2FShops%2F6390bf67-3db7-4989-81d2-fd1d1df38751%2F5AAC%2F0944%2F995A%2F3889%2F1233%2F0A48%2F3620%2F11F0%2FChilibbq.JPG&amp;shop=6390bf67-3db7-4989-81d2-fd1d1df38751&amp;width={width}&amp;height=2560" data-sizes="auto" alt="50g Chili BBQ Steak Grill - Gewürz" decoding="async" width="1080" height="1080"><noscript></noscript></div><h2 class="product-item-title" itemprop="name">50g Chili BBQ Steak Grill - Gewürz</h2></a><div class="product-item-info-box"><div class="product-item-price no-stock-level"><div itemscope="" itemprop="offers" itemtype="http://schema.org/Offer"><meta itemprop="url" content="/p/50g-chili-bbq-steak-grill-gewuerz"><meta itemprop="price" content="2.5"><meta itemprop="priceCurrency" content="EUR"><link itemprop="itemCondition" href="http://schema.org/NewCondition"></div><span class="product-item-price-reference">(1 kg = 50,00 €)</span><h3 class="product-item-price-new">2,50 €</h3></div></div></div></div><div class="swiper-slide product-item-list-swiper-slide" style="width: 220px; margin-right: 30px;"><div class="product-item" itemscope="" itemtype="http://schema.org/Product"><meta itemprop="sku" content="20191331"><meta itemprop="gtin13" content="4260588742037"><meta itemprop="image" content="/storage/images/image?remote=https%3A%2F%2Fmadavanilla.de%2FWebRoot%2FStore7%2FShops%2F6390bf67-3db7-4989-81d2-fd1d1df38751%2F5CE6%2F898C%2FF191%2F5D58%2F9F5A%2F0A48%2F3521%2F3855%2Fpainmakergelb.jpg&amp;shop=6390bf67-3db7-4989-81d2-fd1d1df38751&amp;width=600&amp;height=2560"><a itemprop="url" class="product-item-link" href="/p/painmaker-bbq-sauce-gelb-mit-habanero-chili-hot-195ml"><div class="product-item-image-container"><img class="lazyload product-item-image" data-src="/storage/images/image?remote=https%3A%2F%2Fmadavanilla.de%2FWebRoot%2FStore7%2FShops%2F6390bf67-3db7-4989-81d2-fd1d1df38751%2F5CE6%2F898C%2FF191%2F5D58%2F9F5A%2F0A48%2F3521%2F3855%2Fpainmakergelb.jpg&amp;shop=6390bf67-3db7-4989-81d2-fd1d1df38751&amp;width={width}&amp;height=2560" data-sizes="auto" alt="Painmaker BBQ Sauce - GELB mit Habanero Chili Hot 195ml" decoding="async" width="1080" height="1080"><noscript></noscript></div><h2 class="product-item-title" itemprop="name">Painmaker BBQ Sauce - GELB mit Habanero Chili Hot 195ml</h2></a><div class="product-item-info-box"><div class="product-item-price no-stock-level"><div itemscope="" itemprop="offers" itemtype="http://schema.org/Offer"><meta itemprop="url" content="/p/painmaker-bbq-sauce-gelb-mit-habanero-chili-hot-195ml"><meta itemprop="price" content="6.9"><meta itemprop="priceCurrency" content="EUR"><link itemprop="itemCondition" href="http://schema.org/NewCondition"></div><span class="product-item-price-reference">(1 l = 35,38 €)</span><h3 class="product-item-price-new">6,90 €</h3></div></div></div></div><div class="swiper-slide product-item-list-swiper-slide" style="width: 220px; margin-right: 30px;"><div class="product-item" itemscope="" itemtype="http://schema.org/Product"><meta itemprop="sku" content="20212265"><meta itemprop="gtin13" content="4260588745168"><meta itemprop="image" content="/storage/images/image?remote=https%3A%2F%2Fmadavanilla.de%2FWebRoot%2FStore7%2FShops%2F6390bf67-3db7-4989-81d2-fd1d1df38751%2F6043%2F778C%2F67CF%2F4778%2FD1DF%2F0A48%2F353C%2F2DBB%2Fhotsour.JPG&amp;shop=6390bf67-3db7-4989-81d2-fd1d1df38751&amp;width=600&amp;height=2560"><a itemprop="url" class="product-item-link" href="/p/50g-bio-bbq-rub-hot-und-sour-gewuerzmischung-de-oeko-005"><div class="product-item-image-container"><img class="lazyload product-item-image" data-src="/storage/images/image?remote=https%3A%2F%2Fmadavanilla.de%2FWebRoot%2FStore7%2FShops%2F6390bf67-3db7-4989-81d2-fd1d1df38751%2F6043%2F778C%2F67CF%2F4778%2FD1DF%2F0A48%2F353C%2F2DBB%2Fhotsour.JPG&amp;shop=6390bf67-3db7-4989-81d2-fd1d1df38751&amp;width={width}&amp;height=2560" data-sizes="auto" alt="50g Bio BBQ Rub &quot;Hot &amp; Sour&quot; - Gewürzmischung - DE-ÖKO-005" decoding="async" width="864" height="1080"><noscript></noscript></div><h2 class="product-item-title" itemprop="name">50g Bio BBQ Rub "Hot &amp; Sour" - Gewürzmischung - DE-ÖKO-005</h2></a><div class="product-item-info-box"><div class="product-item-price no-stock-level"><div itemscope="" itemprop="offers" itemtype="http://schema.org/Offer"><meta itemprop="url" content="/p/50g-bio-bbq-rub-hot-und-sour-gewuerzmischung-de-oeko-005"><meta itemprop="price" content="3"><meta itemprop="priceCurrency" content="EUR"><link itemprop="itemCondition" href="http://schema.org/NewCondition"></div><span class="product-item-price-reference">(1 kg = 60,00 €)</span><h3 class="product-item-price-new">3,00 €</h3></div></div></div></div><div class="swiper-slide product-item-list-swiper-slide" style="width: 220px; margin-right: 30px;"><div class="product-item" itemscope="" itemtype="http://schema.org/Product"><meta itemprop="sku" content="1576"><meta itemprop="image" content="/storage/images/image?remote=https%3A%2F%2Fmadavanilla.de%2FWebRoot%2FStore7%2FShops%2F6390bf67-3db7-4989-81d2-fd1d1df38751%2F61EF%2FA027%2F77E2%2FE644%2FD55C%2F0A48%2F352B%2F0331%2FFajitas-und-Haehnchen.JPG&amp;shop=6390bf67-3db7-4989-81d2-fd1d1df38751&amp;width=600&amp;height=2560"><a itemprop="url" class="product-item-link" href="/p/50g-fajitas-haehnchen-mexikanische-gewuerzzubereitung"><div class="product-item-image-container"><img class="lazyload product-item-image" data-src="/storage/images/image?remote=https%3A%2F%2Fmadavanilla.de%2FWebRoot%2FStore7%2FShops%2F6390bf67-3db7-4989-81d2-fd1d1df38751%2F61EF%2FA027%2F77E2%2FE644%2FD55C%2F0A48%2F352B%2F0331%2FFajitas-und-Haehnchen.JPG&amp;shop=6390bf67-3db7-4989-81d2-fd1d1df38751&amp;width={width}&amp;height=2560" data-sizes="auto" alt="50g Fajitas - Hähnchen - mexikanische Gewürzzubereitung" decoding="async" width="1080" height="1080"><noscript></noscript></div><h2 class="product-item-title" itemprop="name">50g Fajitas - Hähnchen - mexikanische Gewürzzubereitung</h2></a><div class="product-item-info-box"><div class="product-item-price no-stock-level"><div itemscope="" itemprop="offers" itemtype="http://schema.org/Offer"><meta itemprop="url" content="/p/50g-fajitas-haehnchen-mexikanische-gewuerzzubereitung"><meta itemprop="price" content="2.5"><meta itemprop="priceCurrency" content="EUR"><link itemprop="itemCondition" href="http://schema.org/NewCondition"></div><span class="product-item-price-reference">(1 kg = 50,00 €)</span><h3 class="product-item-price-new">2,50 €</h3></div></div></div></div><div class="swiper-slide product-item-list-swiper-slide" style="width: 220px; margin-right: 30px;"><div class="product-item" itemscope="" itemtype="http://schema.org/Product"><meta itemprop="sku" content="290"><meta itemprop="image" content="/storage/images/image?remote=https%3A%2F%2Fmadavanilla.de%2FWebRoot%2FStore7%2FShops%2F6390bf67-3db7-4989-81d2-fd1d1df38751%2F61EF%2FA39C%2FC34D%2F0219%2F21AF%2F0A48%2F352B%2F0384%2FHaehnchen-Gewuerz.JPG&amp;shop=6390bf67-3db7-4989-81d2-fd1d1df38751&amp;width=600&amp;height=2560"><a itemprop="url" class="product-item-link" href="/p/50g-haehnchen-grillgewuerz-2"><div class="product-item-image-container"><img class="lazyload product-item-image" data-src="/storage/images/image?remote=https%3A%2F%2Fmadavanilla.de%2FWebRoot%2FStore7%2FShops%2F6390bf67-3db7-4989-81d2-fd1d1df38751%2F61EF%2FA39C%2FC34D%2F0219%2F21AF%2F0A48%2F352B%2F0384%2FHaehnchen-Gewuerz.JPG&amp;shop=6390bf67-3db7-4989-81d2-fd1d1df38751&amp;width={width}&amp;height=2560" data-sizes="auto" alt="50g Hähnchen-Grillgewürz" decoding="async" width="1080" height="1080"><noscript></noscript></div><h2 class="product-item-title" itemprop="name">50g Hähnchen-Grillgewürz</h2></a><div class="product-item-info-box"><div class="product-item-price no-stock-level"><div itemscope="" itemprop="offers" itemtype="http://schema.org/Offer"><meta itemprop="url" content="/p/50g-haehnchen-grillgewuerz-2"><meta itemprop="price" content="2.5"><meta itemprop="priceCurrency" content="EUR"><link itemprop="itemCondition" href="http://schema.org/NewCondition"></div><span class="product-item-price-reference">(1 kg = 50,00 €)</span><h3 class="product-item-price-new">2,50 €</h3></div></div></div></div><div class="swiper-slide product-item-list-swiper-slide" style="width: 220px; margin-right: 30px;"><div class="product-item" itemscope="" itemtype="http://schema.org/Product"><meta itemprop="sku" content="292"><meta itemprop="image" content="/storage/images/image?remote=https%3A%2F%2Fmadavanilla.de%2FWebRoot%2FStore7%2FShops%2F6390bf67-3db7-4989-81d2-fd1d1df38751%2F61EF%2FA39D%2FB324%2FCF90%2FD9EA%2F0A48%2F352B%2F0374%2FCajun.JPG&amp;shop=6390bf67-3db7-4989-81d2-fd1d1df38751&amp;width=600&amp;height=2560"><a itemprop="url" class="product-item-link" href="/p/50g-cajun-gewuerzzubereitung-2"><div class="product-item-image-container"><img class="lazyload product-item-image" data-src="/storage/images/image?remote=https%3A%2F%2Fmadavanilla.de%2FWebRoot%2FStore7%2FShops%2F6390bf67-3db7-4989-81d2-fd1d1df38751%2F61EF%2FA39D%2FB324%2FCF90%2FD9EA%2F0A48%2F352B%2F0374%2FCajun.JPG&amp;shop=6390bf67-3db7-4989-81d2-fd1d1df38751&amp;width={width}&amp;height=2560" data-sizes="auto" alt="50g Cajun - Gewürzzubereitung" decoding="async" width="1080" height="1080"><noscript></noscript></div><h2 class="product-item-title" itemprop="name">50g Cajun - Gewürzzubereitung</h2></a><div class="product-item-info-box"><div class="product-item-price no-stock-level"><div itemscope="" itemprop="offers" itemtype="http://schema.org/Offer"><meta itemprop="url" content="/p/50g-cajun-gewuerzzubereitung-2"><meta itemprop="price" content="2.5"><meta itemprop="priceCurrency" content="EUR"><link itemprop="itemCondition" href="http://schema.org/NewCondition"></div><span class="product-item-price-reference">(1 kg = 50,00 €)</span><h3 class="product-item-price-new">2,50 €</h3></div></div></div></div><div class="swiper-slide product-item-list-swiper-slide" style="width: 220px; margin-right: 30px;"><div class="product-item" itemscope="" itemtype="http://schema.org/Product"><meta itemprop="sku" content="281"><meta itemprop="image" content="/storage/images/image?remote=https%3A%2F%2Fmadavanilla.de%2FWebRoot%2FStore7%2FShops%2F6390bf67-3db7-4989-81d2-fd1d1df38751%2F61EF%2FA397%2F3797%2FDB58%2F6FE4%2F0A48%2F352B%2F03C3%2FGrill--und-Bratengewuerz.JPG&amp;shop=6390bf67-3db7-4989-81d2-fd1d1df38751&amp;width=600&amp;height=2560"><a itemprop="url" class="product-item-link" href="/p/50g-grill-und-bratengewuerz-2"><div class="product-item-image-container"><img class="lazyload product-item-image" data-src="/storage/images/image?remote=https%3A%2F%2Fmadavanilla.de%2FWebRoot%2FStore7%2FShops%2F6390bf67-3db7-4989-81d2-fd1d1df38751%2F61EF%2FA397%2F3797%2FDB58%2F6FE4%2F0A48%2F352B%2F03C3%2FGrill--und-Bratengewuerz.JPG&amp;shop=6390bf67-3db7-4989-81d2-fd1d1df38751&amp;width={width}&amp;height=2560" data-sizes="auto" alt="50g Grill- und Bratengewürz" decoding="async" width="1080" height="1080"><noscript></noscript></div><h2 class="product-item-title" itemprop="name">50g Grill- und Bratengewürz</h2></a><div class="product-item-info-box"><div class="product-item-price no-stock-level"><div itemscope="" itemprop="offers" itemtype="http://schema.org/Offer"><meta itemprop="url" content="/p/50g-grill-und-bratengewuerz-2"><meta itemprop="price" content="2.5"><meta itemprop="priceCurrency" content="EUR"><link itemprop="itemCondition" href="http://schema.org/NewCondition"></div><span class="product-item-price-reference">(1 kg = 50,00 €)</span><h3 class="product-item-price-new">2,50 €</h3></div></div></div></div><div class="swiper-slide product-item-list-swiper-slide" style="width: 220px; margin-right: 30px;"><div class="product-item" itemscope="" itemtype="http://schema.org/Product"><meta itemprop="sku" content="275"><meta itemprop="image" content="/storage/images/image?remote=https%3A%2F%2Fmadavanilla.de%2FWebRoot%2FStore7%2FShops%2F6390bf67-3db7-4989-81d2-fd1d1df38751%2F61EF%2FA393%2F4E86%2F77B7%2F2615%2F0A48%2F352B%2F0332%2FArgentina_Barbecue_Gril.JPG&amp;shop=6390bf67-3db7-4989-81d2-fd1d1df38751&amp;width=600&amp;height=2560"><a itemprop="url" class="product-item-link" href="/p/35g-texas-barbecue-gewuerzzubereitung-2"><div class="product-item-image-container"><img class="lazyload product-item-image" data-src="/storage/images/image?remote=https%3A%2F%2Fmadavanilla.de%2FWebRoot%2FStore7%2FShops%2F6390bf67-3db7-4989-81d2-fd1d1df38751%2F61EF%2FA393%2F4E86%2F77B7%2F2615%2F0A48%2F352B%2F0332%2FArgentina_Barbecue_Gril.JPG&amp;shop=6390bf67-3db7-4989-81d2-fd1d1df38751&amp;width={width}&amp;height=2560" data-sizes="auto" alt="35g Texas Barbecue Gewürzzubereitung" decoding="async" width="1080" height="1080"><noscript></noscript></div><h2 class="product-item-title" itemprop="name">35g Texas Barbecue Gewürzzubereitung</h2></a><div class="product-item-info-box"><div class="product-item-price no-stock-level"><div itemscope="" itemprop="offers" itemtype="http://schema.org/Offer"><meta itemprop="url" content="/p/35g-texas-barbecue-gewuerzzubereitung-2"><meta itemprop="price" content="2.5"><meta itemprop="priceCurrency" content="EUR"><link itemprop="itemCondition" href="http://schema.org/NewCondition"></div><span class="product-item-price-reference">(1 kg = 71,43 €)</span><h3 class="product-item-price-new">2,50 €</h3></div></div></div></div><div class="swiper-slide product-item-list-swiper-slide" style="width: 220px; margin-right: 30px;"><div class="product-item" itemscope="" itemtype="http://schema.org/Product"><meta itemprop="sku" content="1859"><meta itemprop="image" content="/storage/images/image?remote=https%3A%2F%2Fmadavanilla.de%2FWebRoot%2FStore7%2FShops%2F6390bf67-3db7-4989-81d2-fd1d1df38751%2F61EF%2FA0AE%2F1481%2F69A5%2F07B2%2F0A48%2F352B%2F0304%2F001143635390.png&amp;shop=6390bf67-3db7-4989-81d2-fd1d1df38751&amp;width=600&amp;height=2560"><a itemprop="url" class="product-item-link" href="/p/50g-barbecue-pfeffer"><div class="product-item-image-container"><img class="lazyload product-item-image" data-src="/storage/images/image?remote=https%3A%2F%2Fmadavanilla.de%2FWebRoot%2FStore7%2FShops%2F6390bf67-3db7-4989-81d2-fd1d1df38751%2F61EF%2FA0AE%2F1481%2F69A5%2F07B2%2F0A48%2F352B%2F0304%2F001143635390.png&amp;shop=6390bf67-3db7-4989-81d2-fd1d1df38751&amp;width={width}&amp;height=2560" data-sizes="auto" alt="50g Barbecue Pfeffer" decoding="async" width="500" height="500"><noscript></noscript></div><h2 class="product-item-title" itemprop="name">50g Barbecue Pfeffer</h2></a><div class="product-item-info-box"><div class="product-item-price no-stock-level"><div itemscope="" itemprop="offers" itemtype="http://schema.org/Offer"><meta itemprop="url" content="/p/50g-barbecue-pfeffer"><meta itemprop="price" content="3"><meta itemprop="priceCurrency" content="EUR"><link itemprop="itemCondition" href="http://schema.org/NewCondition"></div><span class="product-item-price-reference">(1 kg = 60,00 €)</span><h3 class="product-item-price-new">3,00 €</h3></div></div></div></div><div class="swiper-slide product-item-list-swiper-slide product-item-list-items empty-product" style="width: 220px; margin-right: 30px;"></div><div class="swiper-slide product-item-list-swiper-slide product-item-list-items empty-product" style="width: 220px; margin-right: 30px;"></div><div class="swiper-slide product-item-list-swiper-slide product-item-list-items empty-product" style="width: 220px; margin-right: 30px;"></div></div><span class="swiper-notification" aria-live="assertive" aria-atomic="true"></span></div><div class="swiper-arrows grid-col-s"><div class="swiper-arrow-right" tabindex="0" role="button" aria-label="Next slide" aria-controls="swiper-wrapper-9748f782b1c3cc76" aria-disabled="false"></div><div class="swiper-arrow-left swiper-button-disabled" tabindex="-1" role="button" aria-label="Previous slide" aria-controls="swiper-wrapper-9748f782b1c3cc76" aria-disabled="true"></div></div></div></div></div></div></div></div></div></div><div id="block-f5ec89c4-a513-463a-ac9f-b372636e1a96" data-testid="block-f5ec89c4-a513-463a-ac9f-b372636e1a96" class="dali-block" data-block-type="epages.html" style="background-color:transparent;background-origin:border-box"><div class="dali-grid-row"><div class="dali-grid-column"><div class="dali-grid-element"><div class="dali-grid-element-wrapper"></div></div></div></div></div><div id="block-91e1754f-e37f-432e-bb1a-5beccff99f82" data-testid="block-91e1754f-e37f-432e-bb1a-5beccff99f82" class="dali-block" data-block-type="epages.html" style="background-color:transparent;background-origin:border-box"><div class="dali-grid-row"><div class="dali-grid-column"><div class="dali-grid-element"><div class="dali-grid-element-wrapper"><div class="dali-plugin-freehtml"><div style="display:block; background-color:#FBFBFB; color:#292929; border: 1px solid gray; padding:15px; font-family:Helvetica,Arial,sans-serif; font-size:14px; font-style:normal;"><img style="float:left;pointer-events:none;margin-right:10px;" src="https://www.fairness-im-handel.de/wp-content/uploads/logo-fairness-90.png" alt="Initiative: Fairness im Handel"><p style="padding-top:10px;">Mitglied der Initiative "Fairness im Handel".<br>Informationen zur Initiative: <a style="color:#ef7b00" href="https://www.fairness-im-handel.de" target="_blank">https://www.fairness-im-handel.de </a></p><div style="clear: both;"></div></div>
<a href="https://www.it-recht-kanzlei.de/" target="_blank"><img src="https://www.it-recht-kanzlei.de/logo/Logo_Juristisch_betreut_durch_IT-Recht_Kanzlei.png?i=47be2-2e364-39c6-907c-1" alt="Vertreten durch die IT-Recht Kanzlei"></a></div></div></div></div></div></div></div></section><section class="section"><div class="wrapper"><div class="content"></div></div></section></div></main><footer class="section site-footer"><div class="wrapper"><div class="footer"><ul class="pages"><li class="pages-item"><a class="pages-item-link" href="/l/contact">Impressum</a></li><li class="pages-item"><a class="pages-item-link" href="/l/privacy">Datenschutzerklärung</a></li><li class="pages-item"><a class="pages-item-link" href="/l/cookiepolicy">Cookie-Richtlinie</a></li><li class="pages-item"><a class="pages-item-link" href="/l/shipping">Zahlung &amp; Versand</a></li><li class="pages-item"><a class="pages-item-link" href="/l/tac">Allgemeine Geschäftsbedingungen</a></li><li class="pages-item"><a class="pages-item-link" href="/l/withdrawal">Widerrufsrecht</a></li></ul><div class="block"><ul class="social-media"><li class="social-media-icon"><a href="/" target="" rel="noopener noreferrer" aria-label="Pinterest"><span class="social-media-pinterest" aria-hidden="true"></span></a></li><li class="social-media-icon"><a href="/" target="" rel="noopener noreferrer" aria-label="Instagram"><span class="social-media-instagram" aria-hidden="true"></span></a></li><li class="social-media-icon"><a href="/" target="" rel="noopener noreferrer" aria-label="X (Twitter)"><span class="social-media-x" aria-hidden="true"></span></a></li><li class="social-media-icon"><a href="https://www.facebook.com/Madavanilla.de" target="_blank" rel="noopener noreferrer" aria-label="Facebook"><span class="social-media-facebook" aria-hidden="true"></span></a></li><li class="social-media-icon"><a href="/" target="" rel="noopener noreferrer" aria-label="YouTube"><span class="social-media-youtube" aria-hidden="true"></span></a></li><li class="social-media-icon"><a href="/" target="" rel="noopener noreferrer" aria-label="WhatsApp"><span class="social-media-whatsapp" aria-hidden="true"></span></a></li><li class="social-media-icon"><a href="/" target="" rel="noopener noreferrer" aria-label="TikTok"><span class="social-media-tiktok" aria-hidden="true"></span></a></li><li class="social-media-icon"><a href="/" target="" rel="noopener noreferrer" aria-label="LinkedIn"><span class="social-media-linkedin" aria-hidden="true"></span></a></li></ul></div><div class="block"></div><div class="providers"><ul class="payments"><li class="payments-item"><div class="payments-item-box"><img class="lazyload payments-item-box-logo" data-src="/themes/epages.base/assets/payments/direct-debit-7409d02c725ee5ce2b9d.svg" alt="Bankeinzug / Lastschrift" decoding="async" title="Bankeinzug / Lastschrift"><noscript><img class="payments-item-box-logo" src="/themes/epages.base/assets/payments/direct-debit-7409d02c725ee5ce2b9d.svg" alt="Bankeinzug / Lastschrift" title="Bankeinzug / Lastschrift"/></noscript></div></li><li class="payments-item"><div class="payments-item-box"><img class="lazyload payments-item-box-logo" data-src="/themes/epages.base/assets/payments/invoice-a1f52f657c3fbef61db1.svg" alt="Rechnung" decoding="async" title="Rechnung"><noscript><img class="payments-item-box-logo" src="/themes/epages.base/assets/payments/invoice-a1f52f657c3fbef61db1.svg" alt="Rechnung" title="Rechnung"/></noscript></div></li><li class="payments-item"><div class="payments-item-box"><img class="lazyload payments-item-box-logo" data-src="/themes/epages.base/assets/payments/pay-in-advance-f6fe942eae9f60bddf7d.svg" alt="Vorkasse" decoding="async" title="Vorkasse"><noscript><img class="payments-item-box-logo" src="/themes/epages.base/assets/payments/pay-in-advance-f6fe942eae9f60bddf7d.svg" alt="Vorkasse" title="Vorkasse"/></noscript></div></li><li class="payments-item"><div class="payments-item-box"><img class="lazyload payments-item-box-logo" data-src="/themes/epages.base/assets/payments/maestro-04888416d7ebb3823f6b.svg" alt="Maestro" decoding="async" title="Maestro"><noscript><img class="payments-item-box-logo" src="/themes/epages.base/assets/payments/maestro-04888416d7ebb3823f6b.svg" alt="Maestro" title="Maestro"/></noscript></div></li><li class="payments-item"><div class="payments-item-box"><img class="lazyload payments-item-box-logo" data-src="/themes/epages.base/assets/payments/visa-d64eb7b08773ff7d3fd8.svg" alt="Visa" decoding="async" title="Visa"><noscript><img class="payments-item-box-logo" src="/themes/epages.base/assets/payments/visa-d64eb7b08773ff7d3fd8.svg" alt="Visa" title="Visa"/></noscript></div></li><li class="payments-item"><div class="payments-item-box"><img class="lazyload payments-item-box-logo" data-src="/themes/epages.base/assets/payments/paypal-5a7772a557b8329bccd3.svg" alt="PayPal" decoding="async" title="PayPal"><noscript><img class="payments-item-box-logo" src="/themes/epages.base/assets/payments/paypal-5a7772a557b8329bccd3.svg" alt="PayPal" title="PayPal"/></noscript></div></li><li class="payments-item"><div class="payments-item-box"><img class="lazyload payments-item-box-logo" data-src="/themes/epages.base/assets/payments/klarna-996775d0759ec9472bb5.svg" alt="Klarna" decoding="async" title="Klarna"><noscript><img class="payments-item-box-logo" src="/themes/epages.base/assets/payments/klarna-996775d0759ec9472bb5.svg" alt="Klarna" title="Klarna"/></noscript></div></li><li class="payments-item"><div class="payments-item-box"><img class="lazyload payments-item-box-logo" data-src="/themes/epages.base/assets/payments/mastercard-b3db609a0cdc7273ac4f.svg" alt="MasterCard" decoding="async" title="MasterCard"><noscript><img class="payments-item-box-logo" src="/themes/epages.base/assets/payments/mastercard-b3db609a0cdc7273ac4f.svg" alt="MasterCard" title="MasterCard"/></noscript></div></li></ul><ul class="logistics"><li class="logistics-item"><div class="logistics-item-box"><img class="lazyload logistics-item-box-logo" data-src="/themes/epages.base/assets/logistics/dhl-logo-418dd7caa4dbc9b3d077.svg" alt="DHL" decoding="async" title="DHL"><noscript><img class="logistics-item-box-logo" src="/themes/epages.base/assets/logistics/dhl-logo-418dd7caa4dbc9b3d077.svg" alt="DHL" title="DHL"/></noscript></div></li></ul></div></div></div></footer></div></div><div class="add-to-cart-notice add-to-cart-notice-hidden"><div class="add-to-cart-notice-wrapper"><span class="add-to-cart-notice-close" title="Schließen"></span></div></div></div></div><div class="ep-alert-overlay"></div></div><script id="__LOADABLE_REQUIRED_CHUNKS__" type="application/json" nonce="">[]</script><script id="__LOADABLE_REQUIRED_CHUNKS___ext" type="application/json" nonce="">{"namedChunks":[]}</script><script nonce="">
        window.__EP = {
          shopSlug: '6390bf67-3db7-4989-81d2-fd1d1df38751',
          storeInitialState: "{\"breadcrumb\":[{\"titleTag\":\"\",\"isVisible\":true,\"parents\":[],\"visibleInNavigation\":true,\"slug\":\"home\",\"href\":\"/\",\"metaDescription\":\"\",\"title\":\"Home\",\"categoryId\":\"53C9B929-9354-8A94-0FA3-0A483520223C\",\"objectId\":76697,\"type\":\"category\",\"id\":\"e738b778-fa4d-4c12-bf11-d7c3192e25bf\",\"children\":[]}],\"products\":{},\"scriptTags\":[{\"url\":\"/epages/6390bf67-3db7-4989-81d2-fd1d1df38751.sf?ViewAction=UnityViewFacebookBusinessPixelCode\",\"allowedInCheckout\":true,\"allowedWithoutConsent\":false,\"type\":\"NORMAL\"},{\"url\":\"/epages/6390bf67-3db7-4989-81d2-fd1d1df38751.sf?ViewAction=UnityViewRegisterSessionScript\",\"allowedInCheckout\":true,\"allowedWithoutConsent\":true,\"type\":\"NORMAL\"},{\"url\":\"/epages/6390bf67-3db7-4989-81d2-fd1d1df38751.sf?ViewAction=UnityViewAddToWishlistScript\",\"allowedInCheckout\":true,\"allowedWithoutConsent\":true,\"type\":\"NORMAL\"},{\"url\":\"https://consent.cookiefirst.com/banner.js?cookiefirst-key=2662917d-e30f-429e-a01a-7a4e289a6314\",\"allowedInCheckout\":true,\"allowedWithoutConsent\":false,\"type\":\"NORMAL\"},{\"url\":\"https://cdn.hyj.mobi/d/epages.js?cid=9422\",\"allowedInCheckout\":true,\"allowedWithoutConsent\":false,\"type\":\"NORMAL\"}],\"pages\":{},\"legalPagesContents\":{},\"categorySlugsToGUIDs\":{\"madavanilla-shop/bbq/dipp-pesto-bruschetta-salatsaucen\":\"61EF9F11-5E05-4B15-A5E9-0A48352B0346\",\"madavanilla-shop/tee/teeblueten\":\"61EF9F0B-634C-006E-0754-0A48352B03FE\",\"madavanilla-shop/vanille-spezialitaeten-und-gourmet-produkte/spezialitaeten-honig\":\"61EF9F0D-DFB9-2778-4C84-0A48352B030F\",\"tee/eistee\":\"54350063-58D3-06AE-2821-0A48352564A5\",\"geschenkideen-und-probiersets/verpackung-fuer-geschenke/organza-beutel-geschenkverpackung\":\"543CCA73-88C2-96D7-CD59-0A4835210A90\",\"backzutaten/milch-ei-joghurt-sahnepulver\":\"577B5D25-ACC0-296B-0F66-0A4835216C19\",\"madavanilla-shop/pfeffer-und-salz/salz-spezialitaeten/saltinis\":\"61EF9F07-89C6-7651-F57E-0A48352B035B\",\"gewuerze-und-kraeuter/kraeuterdelikatessen\":\"54350055-9505-4A90-FFF5-0A4835256446\",\"geschenkideen-und-probiersets/duft-erlebnisse-1/apomanum\":\"54350067-2A81-5D63-3961-0A4835256430\",\"madavanilla-shop/alles-rund-um-weihnachten/back-dekoration\":\"61EF9F12-90DC-39C3-4694-0A48352B03F4\",\"gewuerze-und-kraeuter/gewuerzdelikatessen\":\"54350055-18A2-28DF-77D9-0A48352564C3\",\"geschenkideen-und-probiersets/verpackung-fuer-geschenke/koerbe-geschenkkoerbe-geschenktueten\":\"543CCA73-1D09-5978-9DCD-0A4835210A21\",\"madavanilla-shop/backzutaten/fruchtpulver-und-extrakte\":\"61EF9F09-7E4B-7C05-AB31-0A48352B03FC\",\"madavanilla-shop/schokolade/vivani-bio-schokolade\":\"61EF9F17-FB25-8C36-36E1-0A48352B03C7\",\"madavanilla-shop/vanille-spezialitaeten-und-gourmet-produkte/vanille-gewuerzmischungen\":\"61EF9F0E-261B-368E-50F0-0A48352B033A\",\"madavanilla-shop/gewuerzmischungen-curry-dipp\":\"61EF9EFE-3650-FF0A-57C2-0A48352B0336\",\"madavanilla-shop/vanille-spezialitaeten-und-gourmet-produkte/vanille-kunstwerke\":\"61EF9F0D-42FC-B3FA-ECF9-0A48352B0373\",\"madavanilla-shop/vanille-spezialitaeten-und-gourmet-produkte/alternatives-suessen-stevia-xylit-und-co/xylit\":\"61EF9F0F-9FE4-0646-38E0-0A48352B0393\",\"alte-inaktive-artikel\":\"5435005A-755D-5D23-CAC3-0A483525640B\",\"madavanilla-shop/backzutaten/bio-brotbackmischungen-rolle-muehle\":\"61EF9F09-9563-0AD9-01A5-0A48352B0399\",\"blueten-rosenspez/rosenspezialitaeten\":\"54350059-9903-78F4-E02B-0A483525649A\",\"neuheiten-und-sonderangebote/just-t-r-teesortiment-im-beutel-fuer-tasse-oder\":\"54350067-8B51-A0EE-C200-0A48352564E8\",\"madavanilla-shop/alles-rund-um-weihnachten\":\"61EF9F00-AEAA-713A-AF5F-0A48352B03BD\",\"madavanilla-shop/geschenkideen-und-probiersets/duft-erlebnisse-1/duftsticks-von-ahrenshof\":\"61EF9F15-90F7-7EFE-DE2A-0A48352B037F\",\"tee/schwarzer-tee\":\"54350061-0445-4EC7-7BCE-0A483525643F\",\"neuheiten-und-sonderangebote/backzutaten-konditoreizutaten-backmischungen/alternatives-suessen-stevia-xylit-und-co\":\"5436B345-4948-DA9A-D032-0A4835217C4E\",\"alles-rund-um-weihnachten/fruchtpulver-und-extrakte\":\"5972080F-DD65-8D07-879B-0A48362090AD\",\"aufbewahrung-kuechenhelfer-messer/messer-kochmesser-fleischermesser-hackebeil\":\"63C68DA6-4ADA-8F67-70AB-0A48353C85D9\",\"buecher\":\"54350054-D8BA-0481-9C0C-0A48352564AB\",\"madavanilla-shop/asia-supermarkt/kokos-spezialitaeten\":\"61EF9F08-66CC-8DAB-485D-0A48352B03E3\",\"madavanilla-shop/tee/bio-tee-s\":\"61EF9F0C-2E2F-A8EB-B68C-0A48352B0355\",\"pfeffer-und-salz/salz-spezialitaeten/luisenhaller-salz-spezialitaeten\":\"5435005E-1E06-9014-288B-0A48352564D7\",\"madavanilla-shop/alles-rund-um-weihnachten/weihnachtsgewuerze\":\"61EF9F11-0124-2A10-7522-0A48352B0383\",\"madavanilla-shop/tee/just-t-r-teesortiment-im-beutel-fuer-tasse-oder-ka/tassenbeutel\":\"61EF9F0D-97DB-15DD-A912-0A48352B03D0\",\"essig-oel-und-senf/sirup-spezialitaeten\":\"54350057-7B71-A3C2-105B-0A4835256400\",\"madavanilla-shop/alles-rund-um-weihnachten/kuvertuere-schokolade-fondant-nougat\":\"61EF9F12-F3F9-46C5-E8E2-0A48352B03B0\",\"gewuerzmischungen-curry-dipp/curry\":\"54350056-62C4-51B8-AA56-0A4835256477\",\"madavanilla-shop/bio-gewuerze-mischungen/bio-vanille\":\"61EF9F10-6DD9-9CE1-63B6-0A48352B03A2\",\"chilie-spezialitaeten/scharfe-saucen\":\"5435005F-C7B9-6297-D810-0A483525643E\",\"geschenkideen-und-probiersets/spezialitaeten-honig\":\"543CCA2E-6E48-7265-8E32-0A4835210A04\",\"gewuerze-und-kraeuter/glas-muehlen-mit-gewuerzen-befuellt\":\"54350058-B495-C7FC-05D2-0A48352564E2\",\"madavanilla-shop/tee/rooibos-tee\":\"61EF9F0A-A674-2889-7847-0A48352B03B5\",\"madavanilla-shop/pfeffer-und-salz\":\"61EF9EFE-031E-53CE-F092-0A48352B0373\",\"alles-rund-um-weihnachten/pralinen-hohlkoerper\":\"59720647-838F-E53D-F213-0A483620285F\",\"backzutaten/macaron-haelften-schalen\":\"60A4E96D-08F3-CC18-95AB-0A4835D6BF0A\",\"madavanilla-shop/geschenkideen-und-probiersets/duft-erlebnisse\":\"61EF9F14-2E09-B9A7-B8D5-0A48352B031F\",\"tee/ansatzkraeutermischung\":\"54350057-68B5-D72D-FC25-0A48352564F0\",\"tee/bio-tee-neu\":\"54350063-F80E-9717-9097-0A4835256400\",\"neuheiten-und-sonderangebote/backzutaten-konditoreizutaten-backmischungen/geschenkkarte-geschenkgutschein\":\"5436B345-139D-509B-66FA-0A4835217C20\",\"madavanilla-shop/tee/chai-und-ayurveda-tee/chai-latte\":\"61EF9F0D-201E-4B4B-F483-0A48352B03C1\",\"geschenkideen-und-probiersets/verpackung-fuer-geschenke\":\"54350061-D07B-DC32-A108-0A48352564E5\",\"madavanilla-shop/bevorratungs-artikel-z-b-eipulver-milchpulver\":\"61EF9EFF-4751-2A3B-3F8D-0A48352B03E4\",\"geschenkideen-und-probiersets/duft-erlebnisse-1/apomanum-1\":\"543CCE32-63B1-C905-225C-0A48352114E9\",\"tee/tee-zubehoer\":\"54350062-18F1-91E2-5E3A-0A48352564DB\",\"madavanilla-shop/essig-oel-senf-sirup/sirup-spezialitaeten\":\"61EF9F17-3138-8147-9567-0A48352B0345\",\"geschenkideen-und-probiersets/geschenkboxen-mit-gewuerzmischungen-neu\":\"65AE5FAD-9E51-70D2-60F3-0A48353C465A\",\"madavanilla-shop/vanille-presse\":\"61EF9F02-1DCA-4ADB-95AF-0A48352B0310\",\"schokolade/trueffel-pralinenschokolade\":\"54350065-E4E7-A56F-CF0A-0A4835256408\",\"alte-inaktive-artikel/kammermeier-s-schaerfste-saucen\":\"54350068-B921-12AD-7D4F-0A483525644E\",\"madavanilla-shop/alles-rund-um-weihnachten/weihnachtsgewuerze-und-mischungen\":\"61EF9F11-F21D-82F4-4C03-0A48352B0394\",\"vanille-schoten-pulver-extrakt/vanille-spezialitaeten-und-gourmet-produkte/vanille-gewuerzmischungen\":\"5435005D-2B8E-660C-2F6A-0A48352564F7\",\"neuheiten-und-sonderangebote/backzutaten-konditoreizutaten-backmischungen/schoko-kuvertuere-und-ueberzuege-fondant\":\"5436B344-1B21-4742-160E-0A4835217C0A\",\"vanille-schoten-pulver-extrakt/bourbon-vanilleschoten/vanilleschoten-im-glasroehrchen\":\"5435005C-670D-067D-9BA9-0A4835256497\",\"vanille-schoten-pulver-extrakt/vanille-spezialitaeten-und-gourmet-produkte/kokos-spezialitaeten\":\"5435005E-5C96-68DE-B80A-0A483525648E\",\"geschenkideen-und-probiersets/geschenkkarte-geschenkgutschein\":\"543CC9FF-5BB4-BE42-77D3-0A4835210A74\",\"neuheiten-und-sonderangebote/backzutaten-konditoreizutaten-backmischungen/alternatives-suessen-stevia-xylit-und-co-1\":\"543CC8D3-0EB7-CC4B-33D2-0A4835210A53\",\"madavanilla-shop/schokolade\":\"61EF9F01-179E-893A-F144-0A48352B03D3\",\"madavanilla-shop/backzutaten/orangeat-zitronade-ganz-wuerfel\":\"61F0EA72-D2C9-004C-1AD3-0A48353C3523\",\"tee/fruechtetee\":\"54350062-9B4A-E11C-25F5-0A483525641C\",\"blueten-rosenspez\":\"54350056-E1A9-3CF9-5D8D-0A4835256415\",\"alles-rund-um-weihnachten/geschenke\":\"5971ECF5-F7D4-3027-8403-0A483620BB4B\",\"neuheiten-und-sonderangebote/alternatives-suessen-stevia-xylit-und-co\":\"5436B1E0-5333-AD22-50EA-0A483520992D\",\"madavanilla-shop/pfeffer-und-salz/pfeffer-spezialitaeten\":\"61EF9F06-AF87-AFD5-B4DE-0A48352B03CA\",\"neuheiten-und-sonderangebote/sonderangebote-mhd-abverkauf\":\"54350067-AB59-B472-9506-0A48352564EF\",\"madavanilla-shop/gewuerzmischungen-curry-dipp/dipp-pesto-bruschetta-salatsaucen\":\"61EF9F05-41DE-F378-B028-0A48352B0362\",\"aufbewahrung-kuechenhelfer-messer/organza-beutel-geschenkverpackung\":\"5435005B-E671-631D-D615-0A48352564A7\",\"neuheiten-und-sonderangebote/backzutaten-konditoreizutaten-backmischungen/bio-brotbackmischungen-und-mehlmischungen\":\"5436B345-FE58-4935-9A6A-0A4835217C0D\",\"tee/instant-tee-getraenke\":\"54350063-9609-99C1-0AA8-0A4835256475\",\"vanille-schoten-pulver-extrakt/bourbon-vanilleschoten/bourbon-vanilleschoten-21-22cm\":\"5435005C-B00D-A011-EE36-0A48352564F8\",\"madavanilla-shop/vanille-spezialitaeten-und-gourmet-produkte/chai-david-rio-u-a/chai-latte\":\"61EF9F0F-9853-E03B-10BC-0A48352B03EE\",\"madavanilla-shop/asia-supermarkt/curry-spezialitaeten\":\"61EF9F08-1FB3-6F83-9570-0A48352B0360\",\"neuheiten-und-sonderangebote\":\"5435005A-BA1C-87C2-D111-0A483525642E\",\"geschenkkarte-geschenkgutschein\":\"54350058-A3E7-5CBD-3855-0A4835256486\",\"bbq/scharfe-saucen\":\"543CCEBD-82C9-8B05-711E-0A48352114B7\",\"vanille-schoten-pulver-extrakt/bio-vanille\":\"5435005A-A7BF-E09E-2A21-0A4835256430\",\"neuheiten-und-sonderangebote/just-t-r-teesortiment-im-beutel-fuer-tasse-oder/just-t-r-teesortiment-im-beutel-fuer-tasse-oder/kannenbeutel-mit-mehr-inhalt\":\"5436A2BA-01AF-8CEB-2285-0A48352115F7\",\"madavanilla-shop/asia-supermarkt/spezialitaeten-reis\":\"61EF9F08-0829-D61A-DCCD-0A48352B0372\",\"geschenkideen-und-probiersets/vanille-geschenksets\":\"54350060-43A7-C95D-5ACE-0A483525640F\",\"madavanilla-shop/tee/sonstige-tee-sorten\":\"61EF9F0B-AD5F-8671-A1EF-0A48352B0369\",\"vanille-schoten-pulver-extrakt/bourbon-vanilleschoten/bourbon-vanilleschoten-15-16cm\":\"5435005C-45EB-5625-FD52-0A4835256477\",\"vanille-schoten-pulver-extrakt/bourbon-vanilleschoten/bourbon-vanilleschoten-17-18cm\":\"5435005C-8F92-8B34-C7BD-0A4835256490\",\"madavanilla-shop/trueffelprodukte\":\"61EF9F01-2777-FE01-78F1-0A48352B0320\",\"madavanilla-shop/asia-supermarkt/asiatische-gewuerze-mischungen\":\"61EF9F07-249B-4343-0AC6-0A48352B0341\",\"madavanilla-shop/geschenkideen-und-probiersets/apomanum\":\"61EF9F14-1EBD-6580-6024-0A48352B0328\",\"tee/winter-weihnachtstee-s\":\"54350063-CA43-A5ED-C958-0A48352564F2\",\"fruechte-fruchtpulver-nuesse-muesli\":\"54350059-BE2D-2976-690B-0A483525647B\",\"madavanilla-shop/vanille-schoten-pulver-extrakt/gemahlene-vanille/vanille-aus-madagaskar-gemahlen\":\"61EF9F04-A41B-4570-EDE4-0A48352B0395\",\"madavanilla-shop/geschenkideen-und-probiersets/tee-aufbewahrung-und-zubereitungs-hilfsmittel\":\"61EF9F14-1DAD-023E-0CE3-0A48352B038F\",\"bbq/scharfe-saucen/la-costena-spezialitaeten-aus-mexiko\":\"543CCEBD-5075-543B-E253-0A48352114E2\",\"madavanilla-shop/tee/besondere-kraeuterteesorten\":\"61EF9F0B-F6BA-16C5-2EBB-0A48352B03B1\",\"backzutaten/schoko-kuvertuere-und-ueberzuege-fondant-pralinen-\":\"54350060-659E-2116-FD3D-0A4835256431\",\"madavanilla-shop/geschenkideen-und-probiersets/duft-erlebnisse-1\":\"61EF9F15-77ED-2C21-C4B9-0A48352B03F8\",\"madavanilla-shop/tee/yogi-tea-das-original\":\"61EF9F0A-3CE0-20E3-6BE3-0A48352B03DC\",\"madavanilla-shop/alles-rund-um-weihnachten/weihnachts-winter-tee\":\"61EF9F12-50F7-930E-4083-0A48352B0375\",\"gewuerzmischungen-curry-dipp/gewuerzmischungen\":\"54350055-F33C-1EAC-D7F4-0A48352564B4\",\"madavanilla-shop/tee/just-t-r-teesortiment-im-beutel-fuer-tasse-oder-ka\":\"61EF9F0A-AFC0-137C-2B72-0A48352B03FC\",\"vanille-schoten-pulver-extrakt/bourbon-vanilleschoten/geoeffnete-vanilleschoten-vanille\":\"5435005C-90A6-8648-1EAC-0A48352564DC\",\"madavanilla-shop/vanille-schoten-pulver-extrakt/gemahlene-vanille/vanille-aus-indien-gemahlen\":\"61EF9F04-6AA4-13B0-CD36-0A48352B03EB\",\"madavanilla-shop/geschenkideen-und-probiersets/verpackung-fuer-geschenke/organza-beutel-geschenkverpackung\":\"61EF9F15-BD90-6699-5D28-0A48352B03EC\",\"madavanilla-shop/vanille-spezialitaeten-und-gourmet-produkte/kokos-spezialitaeten\":\"61EF9F0E-9FBD-90EE-DB39-0A48352B039B\",\"tee/teeblueten\":\"54350062-3236-960E-80B4-0A483525645F\",\"vanille-schoten-pulver-extrakt/vanille-spezialitaeten-und-gourmet-produkte/trueffelprodukte\":\"5435005E-F25E-A97D-4906-0A48352564C7\",\"salatverfeinerung\":\"54350059-45AF-9DFE-4BF1-0A4835256459\",\"neuheiten-und-sonderangebote/backzutaten-konditoreizutaten-backmischungen/back-dekoration\":\"5436B345-A93B-F9FF-36D5-0A4835217CBB\",\"madavanilla-shop/backzutaten/backtriebmittel-bindemittel\":\"61F146CC-5765-298E-7665-0A48353C6992\",\"madavanilla-shop/essig-oel-senf-sirup\":\"61EF9F01-6591-08DC-C8FF-0A48352B03CC\",\"madavanilla-shop/essig-oel-senf-sirup/senf-spezialitaeten\":\"61EF9F17-9909-B36E-9E2B-0A48352B030D\",\"pfeffer-und-salz/salz-spezialitaeten/meersalz-fleur-de-sel-aus-frankreich\":\"5435005F-7288-F1F5-1C02-0A48352564C2\",\"madavanilla-shop/gewuerze-und-kraeuter/gewuerzdelikatessen\":\"61EF9F04-0350-ADAF-7AD0-0A48352B0398\",\"schokolade/vivani-bio-schokolade\":\"54350065-F5D0-FDFA-866C-0A48352564AD\",\"madavanilla-shop/aufbewahrung-kuechenhelfer/tee-aufbewahrung-und-zubereitungs-hilfsmittel\":\"61EF9F16-443B-485A-1E02-0A48352B03C0\",\"pfeffer-und-salz/salz-spezialitaeten/sal-de-ibiza\":\"5435005E-F034-E61E-64CD-0A4835256464\",\"neuheiten-und-sonderangebote/backzutaten-konditoreizutaten-backmischungen\":\"5436B343-8DA1-20BA-C8C9-0A4835217CB3\",\"geschenkideen-und-probiersets/dalla-costa-teigwarenspezialitaeten-aus-italien\":\"54350061-7D58-8C1A-4112-0A4835256466\",\"alles-rund-um-weihnachten/fruechte-nuesse\":\"59720140-C9C3-7967-119A-0A4836200B4B\",\"geschenkideen-und-probiersets/geschenkdosen-weissblech-mit-gewuerze\":\"65AE5D73-56CD-47D8-7D07-0A48353D6031\",\"gewuerzmischungen-curry-dipp\":\"61DF2ADC-7FE3-19DE-AE22-0A48353DD458\",\"tee/gruener-tee\":\"54350061-C416-2482-1AF7-0A483525647A\",\"fruechte-fruchtpulver-nuesse-muesli/nuesse-und-saaten\":\"54350066-BF4A-BB6D-F1C2-0A48352564AD\",\"madavanilla-shop/vanille-spezialitaeten-und-gourmet-produkte/geschenkkarte-geschenkgutschein\":\"61EF9F0F-B9B7-EADA-C72F-0A48352B03DC\",\"vanille-schoten-pulver-extrakt/vanille-spezialitaeten-und-gourmet-produkte/chai-david-rio-u-a/chai-latte\":\"543CC4EF-FD7B-620F-4406-0A4835212C1B\",\"madavanilla-shop/tee/schwarzer-tee\":\"61EF9F0A-7240-3EAC-8AEF-0A48352B0365\",\"madavanilla-shop/alte-inaktive-artikel\":\"61EF9EFF-2C4D-3BBC-38B2-0A48352B0316\",\"chilie-spezialitaeten/scharfe-saucen/la-costena-spezialitaeten-aus-mexiko\":\"5435005F-D8E9-83FE-609A-0A48352564FE\",\"essig-oel-und-senf/senf-spezialitaeten\":\"5E258FE9-498B-C6AD-2D62-0A483521E89D\",\"backzutaten/back-dekoration\":\"54350060-16C9-65FE-E4BE-0A48352564F4\",\"madavanilla-shop/blueten-rosenspez/rosenspezialitaeten\":\"61EF9F11-7CF9-D900-1435-0A48352B03CC\",\"essig-oel-und-senf\":\"54350058-1A2C-6E5F-DCC7-0A48352564C6\",\"aufbewahrung-kuechenhelfer-messer\":\"54350054-9FD7-8F6B-E6F9-0A4835256466\",\"madavanilla-shop/alles-rund-um-weihnachten/fruchtpulver-und-extrakte\":\"61EF9F13-68A0-EF08-83B7-0A48352B03AF\",\"geschenkideen-und-probiersets/duft-erlebnisse-1/duftsticks-von-ahrenshof\":\"54350067-A440-8756-6B3B-0A483525649C\",\"alternatives-suessen-xylit-und-co\":\"54350058-12A2-9613-5E57-0A483525647D\",\"madavanilla-shop/aufbewahrung-kuechenhelfer/koerbe-geschenkkoerbe-geschenktueten\":\"61EF9F16-79C8-5805-CE01-0A48352B0342\",\"geschenkideen-und-probiersets/duft-erlebnisse-1/duftflaeschchen\":\"54350067-2ABC-77DE-5F2D-0A483525648C\",\"neuheiten-und-sonderangebote/backzutaten-konditoreizutaten-backmischungen/alternatives-suessen-stevia-xylit-und-co-1/xylit\":\"543CC8D3-A19E-3AA5-7D7E-0A4835210A56\",\"fruechte-fruchtpulver-nuesse-muesli/trockenfruechte\":\"54350066-C53F-E772-C7A6-0A483525642D\",\"geschenkideen-und-probiersets\":\"54350056-72F4-E5D7-85D2-0A4835256497\",\"backzutaten\":\"54350056-7490-221F-2B02-0A483525642A\",\"alles-rund-um-weihnachten/weihnachtsgewuerze\":\"5971ECC4-8199-8F56-2C00-0A483620D549\",\"madavanilla-shop/pfeffer-und-salz/salz-spezialitaeten/luisenhaller-salz-spezialitaeten\":\"61EF9F07-CC03-D544-45DC-0A48352B031C\",\"madavanilla-shop/vanille-spezialitaeten-und-gourmet-produkte/kokos-spezialitaeten-1\":\"61EF9F0E-AF70-B8F8-F83B-0A48352B03F5\",\"alles-rund-um-weihnachten/backtriebmittel\":\"5971EE31-A467-FFEE-3CEF-0A483620E03D\",\"neuheiten-und-sonderangebote/alternatives-suessen-stevia-xylit-und-co/xylit\":\"5436B1E1-18CE-50FE-9C7A-0A4835209955\",\"asia-supermarkt/kokos-spezialitaeten\":\"543CCD7F-860B-7FA3-7BAB-0A48352114A6\",\"madavanilla-shop/buecher\":\"61EF9F02-CF24-07EE-E48D-0A48352B0330\",\"alles-rund-um-weihnachten/kuvertuere-schokolade-fondant-nougat\":\"597202D1-6A6B-D40A-48D1-0A4836208C11\",\"vanille-schoten-pulver-extrakt/bourbon-vanilleschoten\":\"54350054-C5F1-40A6-B48D-0A4835256479\",\"madavanilla-shop/vanille-spezialitaeten-und-gourmet-produkte/trueffelprodukte\":\"61EF9F0D-A8EC-F1F1-7E43-0A48352B0377\",\"asia-supermarkt\":\"5435005A-0F32-29D9-E6B9-0A4835256418\",\"tee/chai-und-ayurveda-tee\":\"54350063-CFCC-4A30-B346-0A4835256418\",\"bio-gewuerze-mischungen\":\"5435005A-C17E-262F-C50A-0A48352564FD\",\"madavanilla-shop/tee/kraeuter-tee\":\"61EF9F0B-92E7-7324-D8D8-0A48352B0337\",\"aufbewahrung-kuechenhelfer-messer/muehlen-reiben-und-gewuerzstreuer-microplane-reiben\":\"5435005B-C9CB-549F-A9B6-0A48352564DC\",\"neuheiten-und-sonderangebote/backzutaten-konditoreizutaten-backmischungen/nuesse-und-saaten\":\"5436B345-9B67-0BA0-D151-0A4835217CF2\",\"pfeffer-und-salz\":\"61DF297C-1C47-D074-172D-0A4835D6D440\",\"madavanilla-shop/gewuerze-und-kraeuter/glas-muehlen-mit-gewuerzen-befuellt\":\"61EF9F05-62D7-1602-E537-0A48352B03BD\",\"vanille-schoten-pulver-extrakt/vanille-spezialitaeten-und-gourmet-produkte/geschenkkarte-geschenkgutschein\":\"543CC5D7-AF87-2B3C-953B-0A4835212C8C\",\"tee/chai-und-ayurveda-tee/chai-latte\":\"54350064-E080-DB1C-3889-0A4835256417\",\"madavanilla-shop/geschenkideen-und-probiersets/geschenkboxen-mit-gewuerzmischungen-neu\":\"65BB75FB-9B4E-EFA3-327D-0A4835D6ECF8\",\"madavanilla-shop/geschenkideen-und-probiersets/verpackung-fuer-geschenke\":\"61EF9F13-0265-5F74-CF9C-0A48352B03E2\",\"neuheiten-und-sonderangebote/just-t-r-teesortiment-im-beutel-fuer-tasse-oder/just-t-r-teesortiment-im-beutel-fuer-tasse-oder/tassenbeutel\":\"5436A2B9-2217-E8E6-F011-0A4835211571\",\"madavanilla-shop/gewuerze-und-kraeuter/gratis-proben-gewuerze-oder-tee-2-pro-bestellung\":\"61EF9F05-41F8-D735-0A4B-0A48352B038A\",\"vanille-presse\":\"54358651-F6B3-C801-13E6-0A4835214EAB\",\"madavanilla-shop/alte-inaktive-artikel/kammermeier-s-schaerfste-saucen\":\"61EF9F10-13AD-3E3C-24AD-0A48352B03E7\",\"madavanilla-shop/vanille-schoten-pulver-extrakt/bourbon-vanilleschoten/vanilleschoten-im-glasroehrchen\":\"61EF9F03-4821-C315-6D76-0A48352B033D\",\"bbq\":\"54350057-BA98-89FE-A608-0A48352564DB\",\"gewuerzmischungen-curry-dipp/dipp-pesto-bruschetta-salatsaucen\":\"54350058-10C1-42C0-BAAB-0A48352564BB\",\"madavanilla-shop/alles-rund-um-weihnachten/geschenke\":\"61EF9F12-3092-64FE-83E8-0A48352B03EA\",\"madavanilla-shop/tee/fruechtetee\":\"61EF9F0A-C529-14BA-FFB2-0A48352B030F\",\"madavanilla-shop/vanille-spezialitaeten-und-gourmet-produkte/dalla-costa-teigwarenspezialitaeten-aus-italien\":\"61EF9F0E-57FA-A327-CB2F-0A48352B03B8\",\"madavanilla-shop/aufbewahrung-kuechenhelfer/muehlen-reiben-und-gewuerzstreuer-microplane-reibe\":\"61EF9F16-FA74-08AB-768C-0A48352B033F\",\"madavanilla-shop/tee/chai-und-ayurveda-tee/david-rio-chai\":\"61EF9F0D-6256-3FA7-EE6A-0A48352B03EF\",\"schokolade\":\"54350057-4464-7409-87C1-0A48352564D1\",\"madavanilla-shop/geschenkideen-und-probiersets/geschenkkarte-geschenkgutschein\":\"61EF9F14-2221-2A8B-ADF5-0A48352B03D2\",\"madavanilla-shop/blueten-rosenspez\":\"61EF9F00-62EA-BF57-6B09-0A48352B03D4\",\"neuheiten-und-sonderangebote/backzutaten-konditoreizutaten-backmischungen/trockenfruechte\":\"5436B344-CE6A-C752-3C39-0A4835217C8C\",\"fruechte-fruchtpulver-nuesse-muesli/ingwer-spezialitaeten\":\"54350066-C2A8-5DC2-23D1-0A48352564F4\",\"backzutaten/nuesse-und-saaten\":\"543CC974-DB14-B95D-52AB-0A4835210A38\",\"madavanilla-shop/geschenkkarte-geschenkgutschein\":\"61EF9F01-016C-6445-098B-0A48352B034C\",\"neuheiten-und-sonderangebote/backzutaten-konditoreizutaten-backmischungen/alternatives-suessen-stevia-xylit-und-co-1/stevia\":\"543CC8D4-75A9-F18A-DC20-0A4835210AC3\",\"asia-supermarkt/curry-spezialitaeten\":\"543CCD49-037B-61B4-7C2F-0A483520E5B6\",\"madavanilla-shop/chilie-spezialitaeten/scharfe-saucen/hablo-habanero-und-flammin-apple-saucen\":\"61EF9F10-F867-701C-6935-0A48352B030B\",\"gewuerze-und-kraeuter\":\"61DF2974-68C5-F01E-352A-0A4835D6C80F\",\"madavanilla-shop/tee/instant-tee-getraenke\":\"61EF9F0C-52AB-55B9-D218-0A48352B0376\",\"madavanilla-shop/backzutaten/backgewuerze\":\"61EF9F08-1407-78A9-AB5B-0A48352B033C\",\"tee/just-t-r-teesortiment-im-beutel-fuer-tasse-oder-ka/kannenbeutel-mit-mehr-inhalt\":\"54350064-D8B6-BAAC-BE48-0A48352564BB\",\"neuheiten-und-sonderangebote/alternatives-suessen-stevia-xylit-und-co/stevia\":\"5436B1E1-8046-4A0D-51AE-0A4835209916\",\"madavanilla-shop/vanille-schoten-pulver-extrakt\":\"61EF9EFE-7BD8-7EA5-710F-0A48352B0334\",\"asia-supermarkt/asiatische-gewuerze-mischungen\":\"54350068-05A6-3B55-00A8-0A4835256472\",\"madavanilla-shop/vanille-spezialitaeten-und-gourmet-produkte/chai-david-rio-u-a/david-rio-chai\":\"61EF9F0F-D4CF-DA57-3E75-0A48352B03C1\",\"geschenkideen-und-probiersets/muehlen-reiben-und-gewuerzstreuer\":\"543CCA73-C0A9-E011-4853-0A4835210A79\",\"fruechte-fruchtpulver-nuesse-muesli/fruchtpulver-und-extrakte\":\"54350066-36C6-0161-FD4C-0A4835256438\",\"neuheiten-und-sonderangebote/backzutaten-konditoreizutaten-backmischungen/nuesse-und-saaten-1\":\"543CC89A-EC57-7BF3-F981-0A483520E610\",\"madavanilla-shop/pfeffer-und-salz/salz-spezialitaeten\":\"61EF9F07-CF64-8546-3DD8-0A48352B035E\",\"madavanilla-shop/vanille-schoten-pulver-extrakt/bourbon-vanilleschoten/bourbon-vanilleschoten-19-20cm\":\"61EF9F03-E533-5785-9A48-0A48352B034F\",\"vanille-schoten-pulver-extrakt/vanille-spezialitaeten-und-gourmet-produkte/chai-david-rio-u-a\":\"543CC4EF-2686-8449-4306-0A4835212C18\",\"essig-oel-und-senf/fattoria-estense-balsamico-di-modena\":\"54350065-3244-4A97-708F-0A483525640F\",\"geschenkideen-und-probiersets/apomanum\":\"54350060-A6DC-C99C-43E4-0A48352564D0\",\"madavanilla-shop/bbq/scharfe-saucen/la-costena-spezialitaeten-aus-mexiko\":\"61EF9F11-EB87-B316-75D6-0A48352B03BD\",\"madavanilla-shop/fruechte-fruchtpulver-nuesse-muesli\":\"61EF9EFE-3984-CA5C-0751-0A48352B03ED\",\"backzutaten/trockenfruechte\":\"543CC974-0C88-6853-41B5-0A4835210A5E\",\"madavanilla-shop/vanille-spezialitaeten-und-gourmet-produkte\":\"61EF9EFF-944C-E61A-6928-0A48352B0318\",\"tee\":\"54350057-2387-AB43-0FF7-0A48352564F2\",\"tee/weisser-tee\":\"54350062-12A9-DD97-E208-0A48352564A0\",\"schokolade/feine-bio-trinkschokolade-von-vivani\":\"54350065-B467-3135-9442-0A4835256426\",\"madavanilla-shop/vanille-schoten-pulver-extrakt/bourbon-vanilleschoten/geoeffnete-vanilleschoten-vanille\":\"61EF9F03-6049-FE8A-F42D-0A48352B0363\",\"geschenkideen-und-probiersets/grashoff-spezialitaeten\":\"543CCA2E-CFA0-D1CD-A7C4-0A4835210AF1\",\"tee/just-t-r-teesortiment-im-beutel-fuer-tasse-oder-ka\":\"54350063-1F5B-C20F-82AC-0A4835256485\",\"alternatives-suessen-xylit-und-co/xylit\":\"54350066-71C2-3A54-28B3-0A48352564EC\",\"neuheiten-und-sonderangebote/backzutaten-konditoreizutaten-backmischungen/trockenfruechte-1\":\"543CC899-85C0-4DF5-B342-0A483520E60C\",\"neuheiten-und-sonderangebote/kokos-spezialitaeten\":\"5436B2CF-C8EA-0505-6081-0A4835209988\",\"madavanilla-shop/aufbewahrung-kuechenhelfer/organza-beutel-geschenkverpackung\":\"61EF9F16-34A1-27AA-B0DB-0A48352B03A3\",\"chilie-spezialitaeten\":\"54350056-F050-CE57-E7FC-0A48352564A4\",\"madavanilla-shop/pfeffer-und-salz/salz-spezialitaeten/meersalz-fleur-de-sel-aus-frankreich\":\"61EF9F07-1DF7-EF48-DD47-0A48352B03F6\",\"madavanilla-shop/salatverfeinerung\":\"61EF9F02-3223-EBC4-A0B5-0A48352B0342\",\"madavanilla-shop/essig-oel-senf-sirup/fattoria-estense-balsamico-di-modena\":\"61EF9F17-652B-EACB-129D-0A48352B034A\",\"vanille-schoten-pulver-extrakt/vanille-spezialitaeten-und-gourmet-produkte/dalla-costa-teigwarenspezialitaeten-aus-italien\":\"5435005D-3FCA-D84B-F8A0-0A4835256487\",\"madavanilla-shop/vanille-schoten-pulver-extrakt/vanille-extrakt-paste\":\"61EF9F02-F6C4-0F6B-4F86-0A48352B03E4\",\"vanille-schoten-pulver-extrakt/tahitensis-vanille-und-pompona-vanille\":\"54350056-0E4D-C8AE-8D66-0A4835256491\",\"madavanilla-shop/alte-inaktive-artikel/mama-africa-saucen\":\"61EF9F10-E4A7-4B24-6AD1-0A48352B0364\",\"essig-oel-und-senf/crema-balsamicos\":\"54350065-ED14-DF24-FF49-0A48352564D6\",\"madavanilla-shop/alles-rund-um-weihnachten/fruechte-nuesse\":\"61EF9F12-70E0-277D-9DC1-0A48352B0345\",\"bbq/dipp-pesto-bruschetta-salatsaucen\":\"543CCE91-0DFD-7252-B6ED-0A48352114D6\",\"madavanilla-shop/pfeffer-und-salz/salz-spezialitaeten/sal-de-ibiza\":\"61EF9F07-BB3E-0D2A-2450-0A48352B032E\",\"madavanilla-shop/tee/gruener-tee\":\"61EF9F0A-6ABA-ACAE-0120-0A48352B038B\",\"madavanilla-shop/tee/eistee\":\"61EF9F0B-1829-14AE-75C5-0A48352B03B2\",\"madavanilla-shop/geschenkideen-und-probiersets/dalla-costa-teigwarenspezialitaeten-aus-italien\":\"61EF9F14-5603-8492-92C8-0A48352B03B9\",\"madavanilla-shop/fruechte-fruchtpulver-nuesse-muesli/nuesse-und-saaten\":\"61EF9F06-8FF6-E668-1A6A-0A48352B0363\",\"neuheiten-und-sonderangebote/backzutaten-konditoreizutaten-backmischungen/fruchtpulver-und-extrakte\":\"5436B344-D0BD-C73F-1BA2-0A4835217CE5\",\"madavanilla-shop/backzutaten/milch-ei-joghurt-sahnepulver\":\"61EF9F08-79B6-FEB2-B0DC-0A48352B032A\",\"madavanilla-shop/alternatives-suessen-xylit-und-co\":\"61EF9F02-42D1-3A16-65CD-0A48352B03D3\",\"vanille-schoten-pulver-extrakt/vanille-spezialitaeten-und-gourmet-produkte\":\"54350055-D70B-4982-715D-0A48352564D4\",\"pfeffer-und-salz/salz-spezialitaeten/saltinis\":\"5435005E-6E3B-1AFC-1B54-0A4835256460\",\"vanille-schoten-pulver-extrakt/vanille-spezialitaeten-und-gourmet-produkte/chai-david-rio-u-a/david-rio-chai\":\"543CC4EF-3126-EF63-193C-0A4835212C4D\",\"madavanilla-shop/vanille-spezialitaeten-und-gourmet-produkte/chai-david-rio-u-a\":\"61EF9F0F-4F9A-E90A-F07F-0A48352B03F8\",\"madavanilla-shop/backzutaten/back-dekoration\":\"61EF9F09-FEB7-E1B3-61FD-0A48352B033B\",\"madavanilla-shop/geschenkideen-und-probiersets/duft-erlebnisse-1/duftflaeschchen\":\"61EF9F15-CAB9-FEAB-DB6A-0A48352B03F3\",\"madavanilla-shop/chilie-spezialitaeten/scharfe-saucen/la-costena-spezialitaeten-aus-mexiko\":\"61EF9F10-19C8-7DF6-115D-0A48352B03AF\",\"madavanilla-shop/alles-rund-um-weihnachten/backtriebmittel\":\"61EF9F12-39DB-9E69-EB85-0A48352B03E9\",\"backzutaten/fruchtpulver-und-extrakte\":\"543CC975-2406-FD2C-483E-0A4835210A7F\",\"alles-rund-um-weihnachten/back-dekoration\":\"5972080F-2063-7E33-D04B-0A48362090B3\",\"madavanilla-shop/geschenkideen-und-probiersets/verpackung-fuer-geschenke/koerbe-geschenkkoerbe-geschenktueten\":\"61EF9F15-DA57-84BF-F838-0A48352B0381\",\"madavanilla-shop/backzutaten\":\"61EF9EFF-BA70-39E4-F95A-0A48352B030C\",\"madavanilla-shop/gewuerze-und-kraeuter/kraeuterdelikatessen\":\"61EF9F05-D6A4-27A2-AD44-0A48352B034F\",\"vanille-schoten-pulver-extrakt/gemahlene-vanille-versch-sorten\":\"54350053-0B5C-C878-487B-0A4835256479\",\"madavanilla-shop/geschenkideen-und-probiersets\":\"61EF9F00-467C-8E14-FAAA-0A48352B030A\",\"madavanilla-shop/fruechte-fruchtpulver-nuesse-muesli/trockenfruechte\":\"61EF9F06-22E0-3860-D004-0A48352B033B\",\"madavanilla-shop/geschenkideen-und-probiersets/duft-erlebnisse-1/apomanum\":\"61EF9F15-148E-77DE-ED94-0A48352B03C7\",\"madavanilla-shop/bio-gewuerze-mischungen\":\"61EF9F00-EF03-AF19-8252-0A48352B03F7\",\"madavanilla-shop/vanille-schoten-pulver-extrakt/bourbon-vanilleschoten\":\"61EF9F02-4D92-083D-9013-0A48352B03B6\",\"madavanilla-shop/asia-supermarkt\":\"61EF9EFF-BDF6-6CAE-94E8-0A48352B03F8\",\"madavanilla-shop/eis-zutaten-z-b-milcheispulver-glukose\":\"61F0EC06-75C2-F1B4-648F-0A48352CBE0B\",\"tee/kraeuter-tee\":\"54350062-5B59-C2BB-21DF-0A4835256408\",\"madavanilla-shop/tee/chai-und-ayurveda-tee\":\"61EF9F0C-F191-4633-2E31-0A48352B038A\",\"madavanilla-shop\":\"61DFDDE3-D59A-A609-329A-0A48352C8500\",\"backzutaten/bio-brotbackmischungen-rolle-muehle\":\"54350060-A2C4-0FF5-6C85-0A483525649D\",\"madavanilla-shop/vanille-spezialitaeten-und-gourmet-produkte/grashoff-spezialitaeten\":\"61EF9F0E-FCA0-A15A-1EBE-0A48352B03B2\",\"alles-rund-um-weihnachten\":\"5971EC1A-8374-52F5-24BE-0A483620AEA8\",\"neuheiten-und-sonderangebote/trueffelprodukte\":\"5436B277-E035-71A2-87EC-0A4835217CA3\",\"bio-gewuerze-mischungen/bio-vanille\":\"543CC7C6-5699-8838-23FE-0A4835210A89\",\"gewuerze-und-kraeuter/gratis-proben-gewuerze-oder-tee-2-pro-bestellung\":\"5A8C01AB-5D69-A2EA-814E-0A4835212D42\",\"madavanilla-shop/chilie-spezialitaeten/scharfe-saucen\":\"61EF9F10-5F82-D4C2-1ECF-0A48352B0306\",\"madavanilla-shop/gewuerzmischungen-curry-dipp/curry\":\"61EF9F06-C1F0-C138-2C7C-0A48352B03F7\",\"neuheiten-und-sonderangebote/backzutaten-konditoreizutaten-backmischungen/fruchtpulver-und-extrakte-1\":\"543CC871-93D4-7B2C-F137-0A483520E6B3\",\"tee/just-t-r-teesortiment-im-beutel-fuer-tasse-oder-ka/tassenbeutel\":\"54350064-6058-A034-5AB3-0A48352564B2\",\"geschenkideen-und-probiersets/duft-erlebnisse\":\"54350061-D166-E547-3AF1-0A4835256405\",\"madavanilla-shop/backzutaten/macaron-haelften-schalen\":\"61EF9F09-B0BB-2FEC-CF7E-0A48352B0318\",\"madavanilla-shop/geschenkideen-und-probiersets/spezialitaeten-honig\":\"61EF9F13-6FCA-6235-2357-0A48352B0349\",\"madavanilla-shop/tee/ansatzkraeutermischung\":\"61EF9F0C-4262-9E76-2A10-0A48352B037D\",\"madavanilla-shop/alles-rund-um-weihnachten/pralinen-hohlkoerper\":\"61EF9F12-68B2-BC51-6CBD-0A48352B03F2\",\"tee/rooibos-tee\":\"54350062-1358-3A43-985D-0A4835256444\",\"tee/chai-und-ayurveda-tee/david-rio-chai\":\"54350064-8342-4866-C8AD-0A483525648D\",\"madavanilla-shop/backzutaten/nuesse-und-saaten\":\"61EF9F09-BAE5-7F14-57FC-0A48352B03B2\",\"madavanilla-shop/bbq\":\"61EF9F00-16B0-B0EA-9413-0A48352B030E\",\"madavanilla-shop/essig-oel-senf-sirup/crema-balsamicos-balsamessig\":\"61EF9F16-4593-7E74-5247-0A48352B0358\",\"madavanilla-shop/fruechte-fruchtpulver-nuesse-muesli/ingwer-spezialitaeten\":\"61EF9F06-5EC3-E3B7-E020-0A48352B03BE\",\"madavanilla-shop/aufbewahrung-kuechenhelfer\":\"61EF9F01-26B1-F353-9881-0A48352B0371\",\"aufbewahrung-kuechenhelfer-messer/koerbe-geschenkkoerbe-geschenktueten\":\"5435005B-1FF4-C134-4752-0A4835256414\",\"vanille-schoten-pulver-extrakt/vanille-spezialitaeten-und-gourmet-produkte/spezialitaeten-honig\":\"5435005E-5E74-DA40-45BC-0A483525642F\",\"madavanilla-shop/vanille-spezialitaeten-und-gourmet-produkte/alternatives-suessen-stevia-xylit-und-co\":\"61EF9F0E-4FF1-0364-9CE1-0A48352B0360\",\"chilie-spezialitaeten/scharfe-saucen/hablo-habanero-und-flammin-apple-saucen\":\"5435005F-D139-6FAA-6240-0A48352564C7\",\"madavanilla-shop/tee/just-t-r-teesortiment-im-beutel-fuer-tasse-oder-ka/kannenbeutel-mit-mehr-inhalt\":\"61EF9F0D-F927-D80E-FFDD-0A48352B035C\",\"alles-rund-um-weihnachten/weihnachtsgewuerze-und-mischungen\":\"5971ECC6-257A-C84B-BCC1-0A4836200501\",\"bevorratungs-artikel-z-b-eipulver-milchpulver\":\"5E676936-0F0F-6FC2-F2EA-0A483521E1DF\",\"madavanilla-shop/gewuerze-und-kraeuter\":\"61EF9EFE-45ED-BFF2-E1E2-0A48352B03BF\",\"madavanilla-shop/tee/tee-zubehoer\":\"61EF9F0B-9A33-AA63-0790-0A48352B03EA\",\"madavanilla-shop/schokolade/trueffel-pralinenschokolade\":\"61EF9F17-EA04-B9AC-69B6-0A48352B037B\",\"madavanilla-shop/geschenkideen-und-probiersets/duft-erlebnisse-1/apomanum-1\":\"61EF9F16-68BD-6C15-EF7C-0A48352B03C4\",\"madavanilla-shop/vanille-schoten-pulver-extrakt/gemahlene-vanille\":\"61EF9F03-BA7A-0301-F30F-0A48352B0313\",\"backzutaten/backgewuerze\":\"54350060-0E0F-6A8E-2D68-0A4835256454\",\"madavanilla-shop/backzutaten/trockenfruechte\":\"61EF9F09-2A56-78C2-A4E1-0A48352B039E\",\"madavanilla-shop/vanille-spezialitaeten-und-gourmet-produkte/alternatives-suessen-stevia-xylit-und-co/stevia\":\"61EF9F0F-9D0A-BE10-487C-0A48352B03CD\",\"madavanilla-shop/geschenkideen-und-probiersets/muehlen-reiben-und-gewuerzstreuer\":\"61EF9F13-25D0-D2EC-F150-0A48352B0347\",\"pfeffer-und-salz/pfeffer-spezialitaeten\":\"54350055-DF05-55F0-800B-0A48352564A8\",\"vanille-schoten-pulver-extrakt\":\"61DF2702-0AC3-016D-F3C2-0A48353D1DE6\",\"pfeffer-und-salz/salz-spezialitaeten\":\"54350055-60BE-0711-2DD3-0A4835256499\",\"vanille-schoten-pulver-extrakt/bourbon-vanilleschoten/bourbon-vanilleschoten-19-20cm\":\"5435005C-8CF2-8113-A059-0A4835256444\",\"madavanilla-shop/fruechte-fruchtpulver-nuesse-muesli/fruchtpulver-und-extrakte\":\"61EF9F06-08CC-0275-6E27-0A48352B03EC\",\"vanille-schoten-pulver-extrakt/vanille-spezialitaeten-und-gourmet-produkte/grashoff-spezialitaeten\":\"5435005D-BBC8-8C58-C56C-0A48352564A0\",\"madavanilla-shop/vanille-schoten-pulver-extrakt/bio-vanille\":\"61EF9F03-F0E0-F312-7663-0A48352B0368\",\"madavanilla-shop/alternatives-suessen-xylit-und-co/xylit\":\"61EF9F18-E26D-F5BF-529F-0A48352B032E\",\"neuheiten-und-sonderangebote/just-t-r-teesortiment-im-beutel-fuer-tasse-oder/just-t-r-teesortiment-im-beutel-fuer-tasse-oder\":\"5436A2B9-A537-0660-A7B8-0A48352115E7\",\"tee/sonstige-tee-sorten\":\"54350062-6944-0148-5B62-0A483525645A\",\"madavanilla-shop/vanille-schoten-pulver-extrakt/bourbon-vanilleschoten/bourbon-vanilleschoten-15-16cm\":\"61EF9F04-8682-997E-95D7-0A48352B03DE\",\"madavanilla-shop/schokolade/feine-bio-trinkschokolade-von-vivani\":\"61EF9F17-C041-A0B7-FFD9-0A48352B03D9\",\"neuheiten-und-sonderangebote/backzutaten-konditoreizutaten-backmischungen/backgewuerze\":\"5436B344-0F83-54D7-D75D-0A4835217C13\",\"madavanilla-shop/bbq/scharfe-saucen\":\"61EF9F11-D35D-5AC8-9F35-0A48352B03B8\",\"madavanilla-shop/vanille-schoten-pulver-extrakt/bourbon-vanilleschoten/bourbon-vanilleschoten-17-18cm\":\"61EF9F04-14E2-3184-25AD-0A48352B03B1\",\"madavanilla-shop/geschenkideen-und-probiersets/vanille-geschenksets\":\"61EF9F13-A9BD-8418-5E63-0A48352B0352\",\"madavanilla-shop/tee\":\"61EF9EFF-D941-5D02-2F5B-0A48352B03B5\",\"madavanilla-shop/geschenkideen-und-probiersets/grashoff-spezialitaeten\":\"61EF9F14-1EC0-12AE-4A56-0A48352B033D\",\"madavanilla-shop/vanille-schoten-pulver-extrakt/bourbon-vanilleschoten/bourbon-vanilleschoten-21-22cm\":\"61EF9F04-2FC9-25E8-6669-0A48352B03F5\",\"asia-supermarkt/spezialitaeten-reis\":\"54350068-6DED-9482-CB22-0A48352564FD\",\"madavanilla-shop/tee/weisser-tee\":\"61EF9F0C-22B7-6DE2-9A52-0A48352B03F9\",\"aufbewahrung-kuechenhelfer-messer/tee-aufbewahrung-und-zubereitungs-hilfsmittel\":\"5435005B-2F62-9B46-CD57-0A4835256448\",\"vanille-schoten-pulver-extrakt/vanille-extrakt-paste\":\"54350059-E589-92B3-E1C1-0A483525649F\",\"vanille-schoten-pulver-extrakt/vanille-spezialitaeten-und-gourmet-produkte/vanille-kunstwerke\":\"5435005D-1ADB-8657-B3CC-0A48352564B4\",\"home\":\"53C9B929-9354-8A94-0FA3-0A483520223C\",\"geschenkideen-und-probiersets/tee-aufbewahrung-und-zubereitungs-hilfsmittel\":\"543CCA73-52C9-6257-E42F-0A4835210A36\",\"madavanilla-shop/chilie-spezialitaeten\":\"61EF9F00-72D4-D33D-11A1-0A48352B03E0\",\"madavanilla-shop/backzutaten/schoko-kuvertuere-und-ueberzuege-fondant-pralinen-\":\"61EF9F08-99EC-A09A-2610-0A48352B030F\",\"madavanilla-shop/tee/winter-weihnachtstee-s\":\"61EF9F0C-4432-8C98-B77A-0A48352B03A8\",\"tee/besondere-kraeuterteesorten\":\"54350063-A5CC-07D6-94F8-0A4835256424\",\"madavanilla-shop/vanille-schoten-pulver-extrakt/tahitensis-vanille-und-pompona-vanille\":\"61EF9F03-CD34-F4CA-4B58-0A48352B030C\",\"geschenkideen-und-probiersets/duft-erlebnisse-1\":\"54350059-9FB3-6D01-3503-0A48352564F8\",\"madavanilla-shop/gewuerzmischungen-curry-dipp/gewuerzmischungen\":\"61EF9F05-C1A4-A7C2-CC90-0A48352B039E\",\"tee/yogi-tea-das-original\":\"54350064-3EE2-7FEF-0A7D-0A4835256459\",\"alte-inaktive-artikel/mama-africa-saucen\":\"54350068-BCFF-A046-A7C3-0A48352564CA\",\"alles-rund-um-weihnachten/weihnachts-winter-tee\":\"5971ECED-1579-760B-5BCE-0A4836207B28\"},\"view\":{\"meta\":[{\"title\":\"Madavanilla - Vanille und Gew\u00FCrze aus eigenem Anbau\"}],\"notifications\":[],\"editorSidebar\":{\"activeModule\":\"page-manager\"},\"editorMode\":false,\"busy\":false,\"mboMenu\":[],\"link\":[{\"rel\":\"icon\",\"type\":\"image/png\",\"sizes\":\"16x16\",\"href\":\"/storage/images/logopng.png?hash=149ac704539e888f0788c7456c25027a58401e58&shop=6390bf67-3db7-4989-81d2-fd1d1df38751&width=16&height=16\"},{\"rel\":\"icon\",\"type\":\"image/png\",\"sizes\":\"32x32\",\"href\":\"/storage/images/logopng.png?hash=149ac704539e888f0788c7456c25027a58401e58&shop=6390bf67-3db7-4989-81d2-fd1d1df38751&width=32&height=32\"},{\"rel\":\"icon\",\"type\":\"image/png\",\"sizes\":\"96x96\",\"href\":\"/storage/images/logopng.png?hash=149ac704539e888f0788c7456c25027a58401e58&shop=6390bf67-3db7-4989-81d2-fd1d1df38751&width=96&height=96\"},{\"rel\":\"apple-touch-icon\",\"sizes\":\"180x180\",\"href\":\"/storage/images/logopng.png?hash=149ac704539e888f0788c7456c25027a58401e58&shop=6390bf67-3db7-4989-81d2-fd1d1df38751&width=180&height=180\"}],\"mboMenuMode\":false,\"isUnsupportedBrowser\":false,\"hashedThemeAssets\":{\"epages.horizon/img\":{\"sunrise.jpg\":\"sunrise-25a7b32e2c849dd77d41.jpg\",\"sunset.jpg\":\"sunset-658d095e3af21358449c.jpg\"},\"epages.limelight/img\":{\"harmonic.jpg\":\"harmonic-1b4f68de8b82de81b7c1.jpg\",\"current.jpg\":\"current-3492f5366e63004a56e5.jpg\",\"bold.jpg\":\"bold-48ebac7f9ee63fb21f1f.jpg\"},\"epages.dimension/img\":{\"coffeeshop.jpg\":\"coffeeshop-659d724b993843d0193d.jpg\",\"bodycare.jpg\":\"bodycare-026f1416eead37460746.jpg\",\"countryclub.jpg\":\"countryclub-f0d9e47ead60e9df9275.jpg\"},\"epages.vision/img\":{\"elegant.jpg\":\"elegant-e9d3ed4aea3a16141b11.jpg\",\"young.jpg\":\"young-a226328473e2eabf128e.jpg\",\"glossy.jpg\":\"glossy-18b225b5fdc22311814e.jpg\"},\"epages.editorial/img\":{\"vivid.jpg\":\"vivid-17e5d59c31a3c09c1151.jpg\",\"modern.jpg\":\"modern-03425a7906c0d3356e6e.jpg\",\"vintage.jpg\":\"vintage-81c2487449907dfc9519.jpg\",\"home-and-living.jpg\":\"home-and-living-93ea2200adeabde9d466.jpg\",\"sportswear.jpg\":\"sportswear-ad599b11d4f02c01e9b6.jpg\"},\"epages.neutral/img\":{\"basic.jpg\":\"basic-df497145dffe3dd2aa0e.jpg\",\"solid.jpg\":\"solid-b7b68fbf2c689086bff5.jpg\",\"toys.jpg\":\"toys-13ea7e3479d98815bd55.jpg\",\"light.jpg\":\"light-eb40cb733e7a0f9b05bd.jpg\"},\"payments\":{\"bill-purchase-sw.svg\":\"bill-purchase-sw-bc765849b5a9d66f1ee6.svg\",\"twint.svg\":\"twint-0a19b0bf2b040f68ca5a.svg\",\"invoice.svg\":\"invoice-a1f52f657c3fbef61db1.svg\",\"maestro.svg\":\"maestro-04888416d7ebb3823f6b.svg\",\"post-finance-card.svg\":\"post-finance-card-d84759ea19664e94fb7f.svg\",\"bancontact.svg\":\"bancontact-3f8e2f983eb591d95b38.svg\",\"pay-now.svg\":\"pay-now-78ada41ac2c3b4031b59.svg\",\"mastercard.svg\":\"mastercard-b3db609a0cdc7273ac4f.svg\",\"vpay.svg\":\"vpay-35bbb4efa6a6546c71d7.svg\",\"paypal.svg\":\"paypal-5a7772a557b8329bccd3.svg\",\"google-pay.svg\":\"google-pay-227a7e362b361a1bcb8b.svg\",\"apple-pay.svg\":\"apple-pay-4fcef0a63c8db4793b94.svg\",\"ideal.svg\":\"ideal-36e6a3e61bc2b7f51f48.svg\",\"post-finance-efinance.svg\":\"post-finance-efinance-dd41be1b3ecb9d6490ec.svg\",\"redsys.svg\":\"redsys-19380c80e1c7dd13cdde.svg\",\"cash-in-advance-sw.svg\":\"cash-in-advance-sw-8a8b20cba9bae5de4b73.svg\",\"diners.svg\":\"diners-1535ef481cf17f67d508.svg\",\"amazon-pay.svg\":\"amazon-pay-6e6b8fdcd5917fcb0169.svg\",\"pay-in-advance.svg\":\"pay-in-advance-f6fe942eae9f60bddf7d.svg\",\"visa.svg\":\"visa-d64eb7b08773ff7d3fd8.svg\",\"american-express.svg\":\"american-express-f6b7d6f909fca85261e8.svg\",\"klarna.svg\":\"klarna-996775d0759ec9472bb5.svg\",\"debit-direct-sw.svg\":\"debit-direct-sw-549a9bf50a7964dd4354.svg\",\"eps.svg\":\"eps-28d172d0765e5c339d4d.svg\",\"direct-debit.svg\":\"direct-debit-7409d02c725ee5ce2b9d.svg\",\"giropay.svg\":\"giropay-b393e5c30939b2eda929.svg\",\"discover.svg\":\"discover-9496c525a06decf41279.svg\"},\"epages.uptown/img\":{\"deep.jpg\":\"deep-cf999a277f621e5dd78d.jpg\",\"sweet.jpg\":\"sweet-7373dff473833e7cf555.jpg\",\"cool.jpg\":\"cool-d1d0b33e859c4746a6e8.jpg\"},\"epages.test-theme/img\":{\"preview.jpg\":\"preview-569e7bab1f32abd2993c.jpg\"},\"logistics\":{\"oesterreichische-post-logo.svg\":\"oesterreichische-post-logo-35160a7767e9364602d8.svg\",\"poste-italiane-logo.svg\":\"poste-italiane-logo-76ccfda07093871b31e3.svg\",\"mrw-logo.png\":\"mrw-logo-0d7479055a96646fa304.png\",\"post-nl-logo.svg\":\"post-nl-logo-1e8c449d7fd3d70e081c.svg\",\"gls-logo.png\":\"gls-logo-599f5dd4fc66b06bf4a6.png\",\"dhl-logo.svg\":\"dhl-logo-418dd7caa4dbc9b3d077.svg\",\"hermes-logo.svg\":\"hermes-logo-8cdfcde6123abb4ab011.svg\",\"colissimo-logo.svg\":\"colissimo-logo-05ee7fd3a51f1972bbe7.svg\",\"bpost-logo.svg\":\"bpost-logo-92e8d74215945b7b6a95.svg\",\"envialia-logo.svg\":\"envialia-logo-52842ab1d0063951344f.svg\",\"canada-post-logo.svg\":\"canada-post-logo-3a579a38452337a466f0.svg\",\"chronopost-logo.png\":\"chronopost-logo-546624c0ef8a64be6c8c.png\",\"brt-corriere-espresso-logo.png\":\"brt-corriere-espresso-logo-68d1755a33eabb16c842.png\",\"tnt-express-logo.svg\":\"tnt-express-logo-4cd94de6e9025c8eae2b.svg\",\"correos-logo.svg\":\"correos-logo-3629f4446f2fc0366706.svg\",\"royal-mail-logo.svg\":\"royal-mail-logo-46768ab4e6d6c3975e98.svg\",\"usps-logo.png\":\"usps-logo-8cd8fa48b0b70c7bd0cc.png\",\"mondial-relay-logo.png\":\"mondial-relay-logo-3273e9a470f625c337fb.png\",\"schweizerische-post-logo.svg\":\"schweizerische-post-logo-81c2af30e1f4cd96b3e3.svg\",\"correos-express-logo.png\":\"correos-express-logo-fbe509282a521e69d1f9.png\",\"keavo-logo.png\":\"keavo-logo-659a16603b20ceb3e844.png\",\"dpd-logo.svg\":\"dpd-logo-9fa0c9847b558bbb0b04.svg\",\"ups-logo.svg\":\"ups-logo-1931ca037ff4beceb322.svg\",\"nexive-logo.svg\":\"nexive-logo-6f7258a7a08bd047fc58.svg\",\"zeleris-logo.png\":\"zeleris-logo-eb683e55ed0fb3d07d3e.png\",\"fedex-logo.png\":\"fedex-logo-57bd99dab35fd37f332f.png\",\"seur-logo.svg\":\"seur-logo-f906a9522f3ee9bfde12.svg\"},\"epages.essence/img\":{\"pure.jpg\":\"pure-6cdd72306ec308f5b56b.jpg\",\"classic.jpg\":\"classic-5a3460fd6a62bf026c39.jpg\",\"fresh.jpg\":\"fresh-fdec049e969ec648a045.jpg\"},\"epages.base/assets/images\":{\"placeholder_1080.jpg\":\"placeholder_1080-ec599293a9a866c28d88.jpg\",\"placeholder_900.jpg\":\"placeholder_900-2020f2c24e1d2e596916.jpg\",\"placeholder_720.jpg\":\"placeholder_720-08119f16ec085b07c8c3.jpg\",\"placeholder_540.jpg\":\"placeholder_540-dfb7f6330d2767e31d6a.jpg\",\"placeholder_360.jpg\":\"placeholder_360-d055a4afa599c59c73c2.jpg\",\"placeholder_180.jpg\":\"placeholder_180-fd3204cb0edb62d0e27c.jpg\"},\"epages.structure/img\":{\"individual.jpg\":\"individual-19e03fb1e26b8ce916b5.jpg\",\"contemporary.jpg\":\"contemporary-99768f3f12cddeef77b1.jpg\",\"prime.jpg\":\"prime-ef14885824583142bb56.jpg\"}}},\"orders\":{},\"checkout\":{},\"crossSellingProductData\":{},\"footerPages\":[{\"titleTag\":\"\",\"settings\":{},\"isVisible\":false,\"guid\":null,\"slug\":\"kontakt\",\"href\":\"/i/kontakt\",\"updatedAt\":\"2024-02-26T20:03:11.000Z\",\"ep6pathMD5\":null,\"ep6path\":null,\"shopId\":\"04fc476d-8774-45ba-9048-af219e673204\",\"navigation\":\"footer\",\"metaDescription\":\"\",\"title\":\"Kontakt\",\"lft\":2,\"type\":\"blank\",\"id\":\"62f65905-af2e-4a04-ad07-8632d03c1e5f\",\"createdAt\":\"2022-01-25T13:31:53.000Z\",\"basePageId\":null,\"rgt\":3,\"children\":[]},{\"titleTag\":\"\",\"settings\":{},\"isVisible\":false,\"guid\":null,\"slug\":\"lieferzeiten-versand\",\"href\":\"/i/lieferzeiten-versand\",\"updatedAt\":\"2024-02-26T20:02:38.000Z\",\"ep6pathMD5\":null,\"ep6path\":null,\"shopId\":\"04fc476d-8774-45ba-9048-af219e673204\",\"navigation\":\"footer\",\"metaDescription\":\"\",\"title\":\"Lieferzeiten-Versand\",\"lft\":4,\"type\":\"blank\",\"id\":\"9ed23dd3-d54d-439d-89d0-9a8e28e4ef59\",\"createdAt\":\"2022-06-15T11:04:57.000Z\",\"basePageId\":null,\"rgt\":5,\"children\":[]}],\"defaultThemeSettings\":{\"colors\":{\"accentColor\":\"rgb(69, 137, 179)\",\"borderColor\":\"rgb(29, 29, 29)\",\"footerBackground\":\"rgb(240, 239, 239)\"},\"fonts\":{\"headingFont\":\"Merriweather,serif\",\"textFont\":\"Merriweather,serif\"},\"logoAdjustments\":{\"alignment\":\"left\",\"spacing\":30,\"sizing\":60},\"themeHeader\":{\"headerType\":\"essence\",\"menuType\":\"nestedMenu\"},\"headerAnnouncement\":{\"backgroundColor\":\"rgb(45,108,147)\"}},\"legalPages\":[{\"titleTag\":\"Impressum\",\"settings\":{},\"isVisible\":true,\"guid\":null,\"slug\":\"contact\",\"href\":\"/l/contact\",\"updatedAt\":\"2022-01-13T08:20:06.000Z\",\"ep6pathMD5\":null,\"shopId\":\"04fc476d-8774-45ba-9048-af219e673204\",\"navigation\":\"legal\",\"metaDescription\":\"\",\"title\":\"Impressum\",\"lft\":null,\"type\":\"legal\",\"id\":\"451c9764-9104-4928-a67c-f6a4888b8d91\",\"createdAt\":\"2022-01-13T08:20:06.000Z\",\"basePageId\":null,\"rgt\":null,\"children\":[]},{\"titleTag\":\"Datenschutzerkl\u00E4rung\",\"settings\":{},\"isVisible\":true,\"guid\":null,\"slug\":\"privacy\",\"href\":\"/l/privacy\",\"updatedAt\":\"2022-01-13T08:20:05.000Z\",\"ep6pathMD5\":null,\"shopId\":\"04fc476d-8774-45ba-9048-af219e673204\",\"navigation\":\"legal\",\"metaDescription\":\"\",\"title\":\"Datenschutzerkl\u00E4rung\",\"lft\":null,\"type\":\"legal\",\"id\":\"54174cb7-8a6f-4dbd-b240-60bd5d6cd4b1\",\"createdAt\":\"2022-01-13T08:20:05.000Z\",\"basePageId\":null,\"rgt\":null,\"children\":[]},{\"titleTag\":\"Cookie-Richtlinie\",\"settings\":{},\"isVisible\":true,\"guid\":null,\"slug\":\"cookiepolicy\",\"href\":\"/l/cookiepolicy\",\"updatedAt\":\"2022-07-05T09:14:34.000Z\",\"ep6pathMD5\":null,\"shopId\":\"04fc476d-8774-45ba-9048-af219e673204\",\"navigation\":\"legal\",\"metaDescription\":\"\",\"title\":\"Cookie-Richtlinie\",\"lft\":null,\"type\":\"legal\",\"id\":\"b40928ae-4694-4413-99dd-72162430c48e\",\"createdAt\":\"2022-01-13T08:20:06.000Z\",\"basePageId\":null,\"rgt\":null,\"children\":[]},{\"titleTag\":\"Zahlung & Versand\",\"settings\":{},\"isVisible\":true,\"guid\":null,\"slug\":\"shipping\",\"href\":\"/l/shipping\",\"updatedAt\":\"2022-01-13T08:20:05.000Z\",\"ep6pathMD5\":null,\"shopId\":\"04fc476d-8774-45ba-9048-af219e673204\",\"navigation\":\"legal\",\"metaDescription\":\"\",\"title\":\"Zahlung & Versand\",\"lft\":null,\"type\":\"legal\",\"id\":\"be55f175-df71-41ed-b96d-54a0d3e6820b\",\"createdAt\":\"2022-01-13T08:20:05.000Z\",\"basePageId\":null,\"rgt\":null,\"children\":[]},{\"titleTag\":\"Allgemeine Gesch\u00E4ftsbedingungen\",\"settings\":{},\"isVisible\":true,\"guid\":null,\"slug\":\"tac\",\"href\":\"/l/tac\",\"updatedAt\":\"2022-01-13T08:20:05.000Z\",\"ep6pathMD5\":null,\"shopId\":\"04fc476d-8774-45ba-9048-af219e673204\",\"navigation\":\"legal\",\"metaDescription\":\"\",\"title\":\"Allgemeine Gesch\u00E4ftsbedingungen\",\"lft\":null,\"type\":\"legal\",\"id\":\"08779c3b-5db2-4bed-86da-ae4a282fbaba\",\"createdAt\":\"2022-01-13T08:20:05.000Z\",\"basePageId\":null,\"rgt\":null,\"children\":[]},{\"titleTag\":\"Widerrufsrecht\",\"settings\":{},\"isVisible\":true,\"guid\":null,\"slug\":\"withdrawal\",\"href\":\"/l/withdrawal\",\"updatedAt\":\"2022-01-13T08:20:06.000Z\",\"ep6pathMD5\":null,\"shopId\":\"04fc476d-8774-45ba-9048-af219e673204\",\"navigation\":\"legal\",\"metaDescription\":\"\",\"title\":\"Widerrufsrecht\",\"lft\":null,\"type\":\"legal\",\"id\":\"e08d84a6-43b4-4604-830e-0fea6808f330\",\"createdAt\":\"2022-01-13T08:20:06.000Z\",\"basePageId\":null,\"rgt\":null,\"children\":[]}],\"tax\":{\"taxModel\":\"GROSS\",\"country\":\"DE\",\"taxationByDestinationCountry\":false},\"channels\":{},\"searchData\":{},\"navigation\":{\"editor\":null,\"storefront\":[{\"titleTag\":\"\",\"isVisible\":true,\"parents\":[],\"visibleInNavigation\":true,\"slug\":\"home\",\"href\":\"/\",\"isInBreadcrumb\":true,\"metaDescription\":\"\",\"title\":\"Home\",\"categoryId\":\"53C9B929-9354-8A94-0FA3-0A483520223C\",\"objectId\":76697,\"type\":\"category\",\"id\":\"e738b778-fa4d-4c12-bf11-d7c3192e25bf\",\"isCurrentPage\":true,\"_children\":[],\"children\":[]},{\"titleTag\":\"\",\"isVisible\":true,\"parents\":[],\"slug\":\"ueber-uns\",\"href\":\"/i/ueber-uns\",\"isInBreadcrumb\":false,\"navigation\":\"main\",\"metaDescription\":\"\",\"title\":\"\u00DCber uns\",\"lft\":2,\"type\":\"blank\",\"id\":\"657c020d-a4b0-4b8f-ad9f-d3008d3ff5c9\",\"isCurrentPage\":false,\"_children\":[],\"children\":[]},{\"titleTag\":\"\",\"isVisible\":true,\"parents\":[],\"slug\":\"philosophie\",\"href\":\"/i/philosophie\",\"isInBreadcrumb\":false,\"navigation\":\"main\",\"metaDescription\":\"\",\"title\":\"Philosophie\",\"lft\":4,\"type\":\"blank\",\"id\":\"c42f74a3-785f-4322-a9ee-84148e01a272\",\"isCurrentPage\":false,\"_children\":[],\"children\":[]},{\"titleTag\":\"\",\"isVisible\":true,\"parents\":[],\"slug\":\"newsletter\",\"href\":\"/i/newsletter\",\"isInBreadcrumb\":false,\"navigation\":\"main\",\"metaDescription\":\"\",\"title\":\"Newsletter\",\"lft\":6,\"type\":\"blank\",\"id\":\"ea872a3c-a521-42d7-8d2c-661cd9df6cb5\",\"isCurrentPage\":false,\"_children\":[],\"children\":[]},{\"titleTag\":\"\",\"isVisible\":true,\"parents\":[],\"slug\":\"wie-bestellen\",\"href\":\"/i/wie-bestellen\",\"isInBreadcrumb\":false,\"navigation\":\"main\",\"metaDescription\":\"\",\"title\":\"Wie bestellen\",\"lft\":8,\"type\":\"blank\",\"id\":\"46dfe446-b4ff-45f9-b5d7-f597b2fbb533\",\"isCurrentPage\":false,\"_children\":[],\"children\":[]}]},\"location\":{\"hash\":\"\",\"pathname\":\"/\",\"search\":\"\",\"action\":\"POP\",\"query\":{}},\"cookieConsent\":null,\"shop\":{\"shouldHideLogo\":true,\"sellingCountryId\":null,\"accountUrl\":\"/epages/6390bf67-3db7-4989-81d2-fd1d1df38751.sf/?ViewAction=UnityViewMyAccount&Locale=de_DE\",\"themeId\":\"a3ee216d-ef6e-11eb-8312-001a4a0700a1\",\"domain\":\"madavanilla.de\",\"mboBaseUrl\":\"https://madavanilla.de/epages/6390bf67-3db7-4989-81d2-fd1d1df38751.admin\",\"logoUrl\":\"/storage/images/logo%20freigestellt.jpg?hash=c2e8cff781b56fdc1725b3414b5c449d668f68ab\",\"locationBase\":{\"origin\":\"https://madavanilla.de\",\"host\":\"madavanilla.de\",\"hostname\":\"madavanilla.de\",\"port\":\"\",\"protocol\":\"https:\"},\"isVisible\":true,\"theme\":{\"id\":\"a3ee216d-ef6e-11eb-8312-001a4a0700a1\",\"name\":\"epages.essence:classic\",\"displayName\":\"Loungewear\",\"position\":410,\"createdAt\":\"2021-07-28T06:40:04.000Z\",\"updatedAt\":\"2024-04-08T09:23:32.000Z\"},\"slug\":\"6390bf67-3db7-4989-81d2-fd1d1df38751\",\"href\":\"/\",\"themeSettings\":{\"colors\":{\"accentColor\":\"rgb(69, 137, 179)\",\"borderColor\":\"rgb(29, 29, 29)\",\"footerBackground\":\"rgb(240, 239, 239)\"},\"fonts\":{\"headingFont\":\"Merriweather,serif\",\"textFont\":\"Merriweather,serif\"},\"logoAdjustments\":{\"alignment\":\"left\",\"spacing\":30,\"sizing\":59},\"themeHeader\":{\"headerType\":\"essence\"},\"customStyle\":{\"customCss\":\"\"}},\"legalPageUrls\":{\"shipping\":\"/l/shipping\",\"privacy\":\"/l/privacy\",\"withdrawal\":\"/l/withdrawal\",\"contact\":\"/l/contact\",\"tac\":\"/l/tac\",\"cookiepolicy\":\"/l/cookiepolicy\"},\"userSettings\":{\"cookieNotice\":{\"active\":false,\"title\":\"Cookie-Einstellungen\",\"gdprMessageHtml\":\"<p>Unsere Website verwendet Cookies. F\u00FCr die Grundfunktionen sind einige Cookies erforderlich, w\u00E4hrend andere Cookies uns helfen, Ihr Erlebnis zu verbessern und effizient zu arbeiten. Ihre Auswahl k\u00F6nnen Sie jederzeit auf der Seite <strong>Cookie-Richtlinie</strong> anpassen. N\u00E4here Informationen finden Sie in der <a href=\\\"/de/l/privacy\\\">Datenschutzerkl\u00E4rung</a>.</p>\"},\"socialNetworks\":{\"facebookUrlSelected\":true,\"youtubeUrlSelected\":true,\"facebookUrl\":\"https://www.facebook.com/Madavanilla.de\",\"linkedinUrlSelected\":true,\"youtubeUrl\":\"\",\"pinterestUrlSelected\":true,\"tiktokUrlSelected\":true,\"linkedinUrl\":\"\",\"tiktokUrl\":\"\",\"pinterestUrl\":\"\",\"twitterUrlSelected\":true,\"whatsappUrlSelected\":true,\"instagramUrlSelected\":true,\"twitterUrl\":\"\",\"instagramUrl\":\"\",\"whatsappUrl\":\"\"},\"headerUsps\":[{\"active\":true,\"icon\":{\"show\":true,\"name\":\"headphones\"},\"text\":\"Tel. Beratung+Bestellung: 08252 - 8817769\"},{\"active\":true,\"icon\":{\"show\":true,\"name\":\"shopping-basket-01\"},\"text\":\"mehr als 1500 ausgesuchte Artikel\"},{\"active\":true,\"icon\":{\"show\":true,\"name\":\"truck-02\"},\"text\":\"Versand mit Post oder DHL\"},{\"active\":false,\"icon\":{\"show\":true,\"name\":\"certificate-02\"},\"text\":\"fair, direkt und authentisch\"},{\"active\":true,\"icon\":{\"show\":true,\"name\":\"clock-24\"},\"text\":\"Online und Ladengesch\u00E4ft\"}],\"googleTagManager\":{\"headHtml\":\"\u003C!-- Google Tag Manager -->\\n<\u0073cript>(function(w,d,s,l,i){w[l]=w[l]||[];w[l].push({'gtm.start':\\nnew Date().getTime(),event:'gtm.js'});var f=d.getElementsByTagName(s)[0],\\nj=d.createElement(s),dl=l!='dataLayer'?'&l='+l:'';j.async=true;j.src=\\n'https://www.googletagmanager.com/gtm.js?id='+i+dl;f.parentNode.insertBefore(j,f);\\n})(window,document,'script','dataLayer','GTM-PMPPCJK');<\/script>\\n\u003C!-- End Google Tag Manager -->\",\"bodyHtml\":\"\u003C!-- Google Tag Manager (noscript) -->\\n<noscript><iframe src=\\\"https://www.googletagmanager.com/ns.html?id=GTM-PMPPCJK\\\"\\nheight=\\\"0\\\" width=\\\"0\\\" style=\\\"display:none;visibility:hidden\\\"></iframe></noscript>\\n\u003C!-- End Google Tag Manager (noscript) -->\",\"active\":true},\"paymentLogos\":[{\"id\":\"directDebit\",\"title\":null,\"active\":true},{\"id\":\"invoice\",\"title\":null,\"active\":true},{\"id\":\"payInAdvance\",\"title\":null,\"active\":true},{\"id\":\"maestro\",\"title\":\"Maestro\",\"active\":true},{\"id\":\"visa\",\"title\":\"Visa\",\"active\":true},{\"id\":\"paypal\",\"title\":\"PayPal\",\"active\":true},{\"id\":\"americanExpress\",\"title\":\"American Express\",\"active\":false},{\"id\":\"klarna\",\"title\":\"Klarna\",\"active\":true},{\"id\":\"mastercard\",\"title\":\"MasterCard\",\"active\":true},{\"id\":\"applePay\",\"title\":\"Apple Pay\",\"active\":false},{\"id\":\"googlePay\",\"title\":\"Google Pay\",\"active\":false},{\"id\":\"amazonPay\",\"title\":\"Amazon Pay\",\"active\":false},{\"id\":\"redsys\",\"title\":\"Redsys\",\"active\":false},{\"id\":\"giropay\",\"title\":\"Giropay\",\"active\":false}],\"shippingLogos\":[{\"id\":\"dhl\",\"title\":\"DHL\",\"filename\":\"dhl-logo.svg\",\"active\":true},{\"id\":\"dpd\",\"title\":\"dpd\",\"filename\":\"dpd-logo.svg\",\"active\":false},{\"id\":\"gls\",\"title\":\"GLS\",\"filename\":\"gls-logo.png\",\"active\":false},{\"id\":\"tntExpress\",\"title\":\"TNT Express\",\"filename\":\"tnt-express-logo.svg\",\"active\":false},{\"id\":\"ups\",\"title\":\"UPS\",\"filename\":\"ups-logo.svg\",\"active\":false},{\"id\":\"hermes\",\"title\":\"Hermes\",\"filename\":\"hermes-logo.svg\",\"active\":false},{\"id\":\"keavo\",\"title\":\"keavo\",\"filename\":\"keavo-logo.png\",\"active\":false}],\"headerAnnouncement\":{\"announcementHtml\":\"\",\"active\":false}},\"updatedAt\":\"2024-02-26T20:02:38.000Z\",\"beyond\":null,\"cartUrl\":\"/cart\",\"countryId\":276,\"defaultShopId\":\"04fc476d-8774-45ba-9048-af219e673204\",\"logoHeight\":2250,\"csrfToken\":\"fnquJIiU-glaKtyB9tyRXOFuJPU2bwwBGYGI\",\"isClosed\":false,\"attributes\":[{\"name\":\"isInEU\",\"value\":true,\"public\":true,\"readOnly\":true,\"_links\":{}},{\"name\":\"countryCode2\",\"value\":\"DE\",\"public\":true,\"readOnly\":true,\"_links\":{}}],\"title\":\"Madavanilla - Vanille und Gew\u00FCrze aus eigenem Anbau\",\"deleted\":false,\"locales\":[{\"identifier\":\"de_DE\",\"isVisible\":true}],\"locale\":\"de_DE\",\"checkoutStylesheetUrl\":\"/themes/epages.essence/stylesheets/classic-ep6.css\",\"id\":\"04fc476d-8774-45ba-9048-af219e673204\",\"createdAt\":\"2022-01-13T08:20:05.000Z\",\"faviconUrl\":\"/storage/images/logopng.png?hash=149ac704539e888f0788c7456c25027a58401e58&shop=6390bf67-3db7-4989-81d2-fd1d1df38751\",\"logoWidth\":4000,\"defaultLocale\":\"de_DE\",\"shopGateId\":\"d99d93f5-6caf-4463-b4ad-8eb90ad95034\",\"shops\":[{\"themeId\":\"a3ee216d-ef6e-11eb-8312-001a4a0700a1\",\"isVisible\":true,\"userSettings\":{\"cookieNotice\":{\"active\":false,\"title\":\"Cookie-Einstellungen\",\"gdprMessageHtml\":\"<p>Unsere Website verwendet Cookies. F\u00FCr die Grundfunktionen sind einige Cookies erforderlich, w\u00E4hrend andere Cookies uns helfen, Ihr Erlebnis zu verbessern und effizient zu arbeiten. Ihre Auswahl k\u00F6nnen Sie jederzeit auf der Seite <strong>Cookie-Richtlinie</strong> anpassen. N\u00E4here Informationen finden Sie in der <a href=\\\"/de/l/privacy\\\">Datenschutzerkl\u00E4rung</a>.</p>\"},\"socialNetworks\":{\"facebookUrlSelected\":true,\"youtubeUrlSelected\":true,\"facebookUrl\":\"https://www.facebook.com/Madavanilla.de\",\"linkedinUrlSelected\":true,\"youtubeUrl\":\"\",\"pinterestUrlSelected\":true,\"tiktokUrlSelected\":true,\"linkedinUrl\":\"\",\"tiktokUrl\":\"\",\"pinterestUrl\":\"\",\"twitterUrlSelected\":true,\"whatsappUrlSelected\":true,\"instagramUrlSelected\":true,\"twitterUrl\":\"\",\"instagramUrl\":\"\",\"whatsappUrl\":\"\"},\"headerUsps\":[{\"active\":true,\"icon\":{\"show\":true,\"name\":\"headphones\"},\"text\":\"Tel. Beratung+Bestellung: 08252 - 8817769\"},{\"active\":true,\"icon\":{\"show\":true,\"name\":\"shopping-basket-01\"},\"text\":\"mehr als 1500 ausgesuchte Artikel\"},{\"active\":true,\"icon\":{\"show\":true,\"name\":\"truck-02\"},\"text\":\"Versand mit Post oder DHL\"},{\"active\":false,\"icon\":{\"show\":true,\"name\":\"certificate-02\"},\"text\":\"fair, direkt und authentisch\"},{\"active\":true,\"icon\":{\"show\":true,\"name\":\"clock-24\"},\"text\":\"Online und Ladengesch\u00E4ft\"}],\"googleTagManager\":{\"headHtml\":\"\u003C!-- Google Tag Manager -->\\n<\u0073cript>(function(w,d,s,l,i){w[l]=w[l]||[];w[l].push({'gtm.start':\\nnew Date().getTime(),event:'gtm.js'});var f=d.getElementsByTagName(s)[0],\\nj=d.createElement(s),dl=l!='dataLayer'?'&l='+l:'';j.async=true;j.src=\\n'https://www.googletagmanager.com/gtm.js?id='+i+dl;f.parentNode.insertBefore(j,f);\\n})(window,document,'script','dataLayer','GTM-PMPPCJK');<\/script>\\n\u003C!-- End Google Tag Manager -->\",\"bodyHtml\":\"\u003C!-- Google Tag Manager (noscript) -->\\n<noscript><iframe src=\\\"https://www.googletagmanager.com/ns.html?id=GTM-PMPPCJK\\\"\\nheight=\\\"0\\\" width=\\\"0\\\" style=\\\"display:none;visibility:hidden\\\"></iframe></noscript>\\n\u003C!-- End Google Tag Manager (noscript) -->\",\"active\":true},\"paymentLogos\":[{\"id\":\"directDebit\",\"title\":null,\"active\":true},{\"id\":\"invoice\",\"title\":null,\"active\":true},{\"id\":\"payInAdvance\",\"title\":null,\"active\":true},{\"id\":\"maestro\",\"title\":\"Maestro\",\"active\":true},{\"id\":\"visa\",\"title\":\"Visa\",\"active\":true},{\"id\":\"paypal\",\"title\":\"PayPal\",\"active\":true},{\"id\":\"americanExpress\",\"title\":\"American Express\",\"active\":false},{\"id\":\"klarna\",\"title\":\"Klarna\",\"active\":true},{\"id\":\"mastercard\",\"title\":\"MasterCard\",\"active\":true},{\"id\":\"applePay\",\"title\":\"Apple Pay\",\"active\":false},{\"id\":\"googlePay\",\"title\":\"Google Pay\",\"active\":false},{\"id\":\"amazonPay\",\"title\":\"Amazon Pay\",\"active\":false},{\"id\":\"redsys\",\"title\":\"Redsys\",\"active\":false},{\"id\":\"giropay\",\"title\":\"Giropay\",\"active\":false}],\"shippingLogos\":[{\"id\":\"dhl\",\"title\":\"DHL\",\"filename\":\"dhl-logo.svg\",\"active\":true},{\"id\":\"dpd\",\"title\":\"dpd\",\"filename\":\"dpd-logo.svg\",\"active\":false},{\"id\":\"gls\",\"title\":\"GLS\",\"filename\":\"gls-logo.png\",\"active\":false},{\"id\":\"tntExpress\",\"title\":\"TNT Express\",\"filename\":\"tnt-express-logo.svg\",\"active\":false},{\"id\":\"ups\",\"title\":\"UPS\",\"filename\":\"ups-logo.svg\",\"active\":false},{\"id\":\"hermes\",\"title\":\"Hermes\",\"filename\":\"hermes-logo.svg\",\"active\":false},{\"id\":\"keavo\",\"title\":\"keavo\",\"filename\":\"keavo-logo.png\",\"active\":false}]},\"updatedAt\":\"2024-02-26T20:02:38.000Z\",\"title\":\"Madavanilla - Vanille und Gew\u00FCrze aus eigenem Anbau\",\"locale\":\"de_DE\",\"id\":\"04fc476d-8774-45ba-9048-af219e673204\",\"createdAt\":\"2022-01-13T08:20:05.000Z\",\"shopGateId\":\"d99d93f5-6caf-4463-b4ad-8eb90ad95034\"}],\"jrest\":null,\"isInEU\":true},\"categoriesList\":{},\"categoryProductData\":{\"53C9B929-9354-8A94-0FA3-0A483520223C\":{\"products\":[],\"categoryId\":\"53C9B929-9354-8A94-0FA3-0A483520223C\",\"sort\":\"position-asc\",\"totalNumberOfProducts\":0,\"facets\":{}}},\"categories\":{\"53C9B929-9354-8A94-0FA3-0A483520223C\":{\"titleTag\":\"\",\"settings\":{},\"isVisible\":true,\"guid\":\"53C9B929-9354-8A94-0FA3-0A483520223C\",\"visibleInNavigation\":true,\"slug\":\"home\",\"updatedAt\":\"2022-01-25T07:47:03.000Z\",\"ep6pathMD5\":\"6d398ee97530ef5458388eff9a65b3be\",\"url\":\"/c/home\",\"ep6path\":null,\"shopId\":\"04fc476d-8774-45ba-9048-af219e673204\",\"navigation\":null,\"facetedSearchShowFacetsOnCategory\":false,\"metaDescription\":\"\",\"title\":\"Home\",\"content\":{\"id\":\"f977a788-ce85-4f25-b6a7-aac1be97c4c9\",\"pageId\":\"e738b778-fa4d-4c12-bf11-d7c3192e25bf\",\"themeId\":\"@all\",\"createdAt\":\"2022-01-13T08:20:05.000Z\",\"updatedAt\":\"2024-03-13T14:55:18.000Z\",\"blocks\":[{\"_id\":\"8d75725c-29a9-41f9-8244-c31d82a30eac\",\"type\":\"multi-column\",\"data\":{\"columns\":[{\"type\":\"epages.image\",\"data\":{\"buttonColorIndex\":2,\"src\":\"/storage/images/2022%20startseite%2040,-euro.jpg?hash=40d52af1fb06fd1b4a924734ccbac8e996fd9d9b\",\"width\":2349,\"height\":478,\"alt\":\"\",\"opentab\":false,\"text\":\"\",\"buttonenabled\":true,\"headline\":\"\",\"link\":\"https://madavanilla.de/c/madavanilla-shop\",\"overlayOpacity\":0,\"textColorIndex\":1,\"backgroundColorIndex\":0,\"buttontext\":\"ZUM SHOP\"}}]}},{\"_id\":\"65a51abc-ea8c-4407-a123-03f874e201b0\",\"type\":\"image-with-text\",\"data\":{\"columns\":[{\"image\":{\"type\":\"epages.image\",\"data\":{\"buttonColorIndex\":1,\"src\":\"/storage/images/125021877_5000480676636397_996485986242898127_n.jpg?hash=17990f7bebe0b171247d7e764b716d5fd844d6fc\",\"width\":1025,\"height\":683,\"alt\":\"\",\"opentab\":false,\"text\":\"\",\"buttonenabled\":false,\"headline\":\"Ladengesch\u00E4ft\",\"link\":\"\",\"overlayOpacity\":40,\"textColorIndex\":1,\"backgroundColorIndex\":0,\"buttontext\":\"\"}},\"text\":{\"type\":\"epages.text\",\"data\":{\"content\":\"<p style=\\\"text-align:center\\\">\u00D6ffnungszeiten Ladengesch\u00E4ft:</p><p style=\\\"text-align:center\\\">Peutenhausen - In der Hut 3c</p><p style=\\\"text-align:center\\\">Mo-Mi: 09:00-13:00 Uhr</p><p style=\\\"text-align:center\\\">Mittwoch 03.04.2024 geschlossen!</p>\"}}},{\"image\":{\"type\":\"epages.image\",\"data\":{\"src\":\"/storage/images/logopng.png?hash=609ed6faf3f964a53a1b759449bf2779c98804bd\",\"width\":3273,\"height\":1800,\"alt\":\"\",\"opentab\":false,\"text\":\"\",\"buttonenabled\":false,\"headline\":\"\",\"link\":\"\",\"buttontext\":\"\"}},\"text\":{\"type\":\"epages.text\",\"data\":{\"content\":\"<h1 style=\\\"text-align:center\\\">WILLKOMMEN</h1><h2 style=\\\"text-align:center\\\"><a href=\\\"https://madavanilla.de/c/madavanilla-shop\\\"><strong>&gt;&gt;&gt; Zum Online Shop</strong></a></h2>\"}}},{\"image\":{\"type\":\"epages.image\",\"data\":{\"buttonColorIndex\":1,\"src\":\"/storage/images/IMG-20221111-WA0000.jpg?hash=bbb37c02ff3aa9a157ec1ebeb561694e34a01f4d\",\"width\":1147,\"height\":764,\"alt\":\"\",\"opentab\":false,\"text\":\"\",\"buttonenabled\":false,\"headline\":\"News\",\"link\":\"\",\"overlayOpacity\":40,\"textColorIndex\":1,\"backgroundColorIndex\":0,\"buttontext\":\"\"}},\"text\":{\"type\":\"epages.text\",\"data\":{\"content\":\"<p style=\\\"text-align:center\\\">N\u00E4chste Veranstaltung:</p><p style=\\\"text-align:center\\\">SLOW FOOD MESSE</p><p style=\\\"text-align:center\\\">STUTTGART</p><p style=\\\"text-align:center\\\">04.04 - 07.04.2024</p>\"}}}]}},{\"_id\":\"3678a0cc-bdec-4127-845b-3f9adb380ea2\",\"type\":\"image-with-text\",\"data\":{\"columns\":[{\"image\":{\"type\":\"epages.image\",\"data\":{\"buttonColorIndex\":1,\"src\":\"/storage/images/DSC01186.JPG?hash=e7efa90bfabb70a29566de1d548ccce7540f0f44\",\"width\":2764,\"height\":1555,\"alt\":\"\",\"opentab\":false,\"text\":\"\",\"buttonenabled\":false,\"headline\":\"Frischer Madagaskarpfeffer aus Eigenanbau eingetroffen\",\"link\":\"https://madavanilla.de/c/madavanilla-shop/pfeffer-und-salz\",\"overlayOpacity\":40,\"textColorIndex\":1,\"backgroundColorIndex\":0,\"buttontext\":\"\"}},\"text\":{\"type\":\"epages.text\",\"data\":{\"content\":\"<p></p>\"}}},{\"image\":{\"type\":\"epages.image\",\"data\":{\"buttonColorIndex\":1,\"src\":\"/storage/images/DSC09134.jpg?hash=cd0c9b92033a3cd5a9ba7a0881fac7a99c3877e9\",\"width\":480,\"height\":270,\"alt\":\"\",\"opentab\":false,\"text\":\"\",\"buttonenabled\":false,\"headline\":\"Frische Vanille Ernte eingetroffen\",\"link\":\"https://madavanilla.de/c/madavanilla-shop/vanille-schoten-pulver-extrakt\",\"overlayOpacity\":40,\"textColorIndex\":1,\"backgroundColorIndex\":0,\"buttontext\":\"\"}},\"text\":{\"type\":\"epages.text\",\"data\":{\"content\":\"<p></p>\"}}},{\"image\":{\"type\":\"epages.image\",\"data\":{\"buttonColorIndex\":1,\"src\":\"/storage/images/vanille%2520Paste.jpg?hash=176e2d221a11752cc21e4033a1bdc09f2e0ebb43\",\"width\":2393,\"height\":1346,\"alt\":\"\",\"opentab\":false,\"text\":\"\",\"buttonenabled\":false,\"headline\":\"DIE Alternative: Bourbon  Vanille Paste und Extrakt\",\"link\":\"https://madavanilla.de/c/madavanilla-shop/vanille-schoten-pulver-extrakt/vanille-extrakt-paste\",\"overlayOpacity\":40,\"textColorIndex\":1,\"backgroundColorIndex\":0,\"buttontext\":\"\"}},\"text\":{\"type\":\"epages.text\",\"data\":{\"content\":\"<p></p>\"}}}]}},{\"_id\":\"a06137cc-98c9-474e-92b7-936eedbc374f\",\"type\":\"image-with-text\",\"data\":{\"columns\":[{\"image\":{\"type\":\"epages.image\",\"data\":{\"buttonColorIndex\":1,\"src\":\"/storage/images/Barbecue.jpg?hash=56eb4f27deb8b5b4ee348927bed4867a4a2bda9c\",\"width\":328,\"height\":184,\"alt\":\"\",\"opentab\":true,\"text\":\"\",\"buttonenabled\":false,\"headline\":\"Alles rund um BBQ (Gew\u00FCrze, Dipp, Kr\u00E4uter...)\",\"link\":\"https://madavanilla.de/c/madavanilla-shop/bbq\",\"overlayOpacity\":40,\"textColorIndex\":1,\"backgroundColorIndex\":0,\"buttontext\":\"\"}},\"text\":{\"type\":\"epages.text\",\"data\":{\"content\":\"<p></p>\"}}},{\"image\":{\"type\":\"epages.image\",\"data\":{\"buttonColorIndex\":1,\"src\":\"/storage/images/Gew%25C3%25BCrze.jpg?hash=2af85e63a991bbac7523df8a21d7652f03fc8bce\",\"width\":2764,\"height\":1555,\"alt\":\"\",\"opentab\":true,\"text\":\"\",\"buttonenabled\":false,\"headline\":\"Gew\u00FCrze und Kr\u00E4uter\",\"link\":\"https://madavanilla.de/c/madavanilla-shop/gewuerze-und-kraeuter\",\"overlayOpacity\":40,\"textColorIndex\":1,\"backgroundColorIndex\":0,\"buttontext\":\"\"}},\"text\":{\"type\":\"epages.text\",\"data\":{\"content\":\"<p></p>\"}}},{\"image\":{\"type\":\"epages.image\",\"data\":{\"buttonColorIndex\":1,\"src\":\"/storage/images/Erdbeeren.jpg?hash=952e2f6fbdf26487b56a4e3ff74ee394a15b9402\",\"width\":596,\"height\":335,\"alt\":\"\",\"opentab\":true,\"text\":\"\",\"buttonenabled\":false,\"headline\":\"Natur Fruchtpulver\",\"link\":\"https://madavanilla.de/c/madavanilla-shop/fruechte-fruchtpulver-nuesse-muesli\",\"overlayOpacity\":40,\"textColorIndex\":1,\"backgroundColorIndex\":0,\"buttontext\":\"\"}},\"text\":{\"type\":\"epages.text\",\"data\":{\"content\":\"<p></p>\"}}}]}},{\"_id\":\"771ebaa8-d5c3-4b3c-870d-8d57ac23697f\",\"type\":\"image-with-text\",\"data\":{\"columns\":[{\"image\":{\"type\":\"epages.image\",\"data\":{\"buttonColorIndex\":1,\"src\":\"/storage/images/Trockenfr%25C3%25BCchte2.jpg?hash=e5ecba7655d7b3f7b4a0115d3d946ce71dea404d\",\"width\":339,\"height\":190,\"alt\":\"\",\"opentab\":true,\"text\":\"\",\"buttonenabled\":false,\"headline\":\"Trockenfr\u00FCchte, N\u00FCsse und Saaten\",\"link\":\"https://madavanilla.de/c/madavanilla-shop/fruechte-fruchtpulver-nuesse-muesli\",\"overlayOpacity\":40,\"textColorIndex\":1,\"backgroundColorIndex\":0,\"buttontext\":\"\"}},\"text\":{\"type\":\"epages.text\",\"data\":{\"content\":\"<p></p>\"}}},{\"image\":{\"type\":\"epages.image\",\"data\":{\"buttonColorIndex\":1,\"src\":\"/storage/images/Fotolia_93063353_XS.jpg?hash=124faf0cb93e46caac02a782e43aab1a13791f38\",\"width\":339,\"height\":190,\"alt\":\"\",\"opentab\":true,\"text\":\"\",\"buttonenabled\":false,\"headline\":\"TEE (Rooibos, Gr\u00FCn, Schwarz, Kr\u00E4uter, Fr\u00FCchte...)\",\"link\":\"https://madavanilla.de/c/madavanilla-shop/tee\",\"overlayOpacity\":40,\"textColorIndex\":1,\"backgroundColorIndex\":0,\"buttontext\":\"\"}},\"text\":{\"type\":\"epages.text\",\"data\":{\"content\":\"<p></p>\"}}},{\"image\":{\"type\":\"epages.image\",\"data\":{\"buttonColorIndex\":1,\"src\":\"/storage/images/Curry%2520f%25C3%25BCr%2520Box.jpg?hash=de85037c616d11d897cfeb46fdf093a050170a7f\",\"width\":640,\"height\":360,\"alt\":\"\",\"opentab\":true,\"text\":\"\",\"buttonenabled\":false,\"headline\":\"Gew\u00FCrzmischungen\",\"link\":\"https://madavanilla.de/c/madavanilla-shop/gewuerzmischungen-curry-dipp\",\"overlayOpacity\":40,\"textColorIndex\":1,\"backgroundColorIndex\":0,\"buttontext\":\"\"}},\"text\":{\"type\":\"epages.text\",\"data\":{\"content\":\"<p></p>\"}}}]}},{\"_id\":\"1f9d7741-9561-437d-a950-9a1bbdcc696e\",\"type\":\"multi-column\",\"data\":{\"columns\":[{\"type\":\"epages.text\",\"data\":{\"content\":\"<h2 style=\\\"text-align:center\\\"><strong>NEWSLETTER Anmeldung  </strong></h2><p style=\\\"text-align:center\\\"><strong>(Veranstaltungen, Tipps, GUTSCHEINE, Gewinnspiele, Neugikeiten, Rabattaktionen, Rezepte uvm.)</strong></p>\"}}]}},{\"_id\":\"c5b390f6-7e03-4b9c-a3a1-9f9a500f2995\",\"type\":\"multi-column\",\"data\":{\"columns\":[{\"type\":\"epages.html\",\"data\":{\"html\":\"<iframe src=\\\"https://ionos-bdc4e49b9.sendserver.email/hp/429q90NcmTHLNUzwZ0SnOw/signup\\\" style=\\\"width:100%;border-width:0px;background-color:#ffffff;height:215px;\\\" border=\\\"0\\\"></iframe>\"}}]}},{\"_id\":\"da613749-f9de-47d6-85c4-84ed8353ac9d\",\"type\":\"headline-block\",\"data\":{\"headline\":{\"type\":\"epages.text\",\"data\":{\"content\":\"<h2>Geschenkboxen mit Rezepte/Infos (neu)</h2>\"}},\"columns\":[{\"type\":\"epages.productslider\",\"data\":{\"productIds\":[\"65AE6218-C3F9-3F1C-8086-0A48352CAF89\",\"65AE638F-58DF-517B-5064-0A48353D2BEB\",\"65AE6C43-F6BA-F6FF-8B1C-0A4835D6A25A\",\"65AE6D98-1B9B-5AA7-61AE-0A48352CD1F2\",\"65AE6F05-8E93-3DEF-E780-0A4835D6A24F\",\"65AE7AC2-6011-2FCC-E24F-0A4835D6394A\",\"65B0C447-3854-1749-C8DE-0A48352CC88D\",\"65AE7600-AC37-44A3-B786-0A48353C808F\",\"65AE73ED-4314-36FB-674E-0A48353DF620\",\"65AE7041-1458-EE26-CC93-0A48352C69BF\",\"65AE6E67-BD08-22C0-A43D-0A48352C292B\",\"65AE6B86-D0AF-EB66-E84E-0A48352CAF6B\"],\"id\":\"b4cbc92c-1af9-47ad-902f-84f214b30d54\",\"imageSize\":\"S\"}}]}},{\"_id\":\"90ec70b5-c0b1-40e8-8a3c-472ed3270173\",\"type\":\"headline-block\",\"data\":{\"headline\":{\"type\":\"epages.text\",\"data\":{\"content\":\"<h2>Winter Tee Sorten</h2>\"}},\"columns\":[{\"type\":\"epages.productslider\",\"data\":{\"productIds\":[\"54351E06-345E-D9DA-F535-0A4835256416\",\"57EE7B63-E9B1-AE7E-7AEF-0A4835211557\",\"57EE7EA8-0B1A-4160-5315-0A4835213D97\",\"58089754-01D3-3083-BE5D-0A483521E29C\",\"600FF51F-8B2B-92DE-F72E-0A4835D6A735\",\"54350CDB-8DC6-CDD5-7E38-0A4835256448\",\"54350CDF-9D56-D03E-4BE6-0A483525648A\",\"54350CEA-5AE4-AB25-BA3C-0A48352564AF\",\"543512D8-732B-EC41-31B4-0A4835256470\",\"5F5F125E-52C5-FE7A-CAB3-0A483521C1DB\",\"54351E05-827E-26DB-D03D-0A48352564EA\",\"57EE7CCC-B12E-317D-C179-0A48352191FF\"],\"id\":\"dc555532-ad42-40f7-bc88-a67597154fa0\",\"imageSize\":\"S\"}}]}},{\"_id\":\"c994d856-2d97-435f-abbc-aa6b44465312\",\"type\":\"headline-block\",\"data\":{\"headline\":{\"type\":\"epages.text\",\"data\":{\"content\":\"<h2>FRUCHTPULVER - nat\u00FCrlich, praktisch, lecker und universell einsetzbar</h2>\"}},\"columns\":[{\"type\":\"epages.productslider\",\"data\":{\"productIds\":[\"54350E36-FB90-AD39-51C6-0A483525644C\",\"54350E37-D5CB-9E99-68AA-0A48352564D7\",\"54351232-0521-4D28-5513-0A48352564F2\",\"54351D84-5836-E7A6-94FD-0A483525649E\",\"54351864-630A-0EC5-DCF9-0A4835256499\",\"54351A8A-BEDD-CAB9-9112-0A4835256492\",\"54351AF3-A176-3750-ED6D-0A48352564CE\",\"5C73DDBB-BE02-7EAE-F3EC-0A4835214A82\",\"54351A21-D92F-53A6-ED43-0A483525649E\",\"5AF07683-D450-E853-5A3F-0A4835219F96\",\"5C7D2889-2943-2541-83B5-0A483521F8BA\"],\"id\":\"9ab27371-463c-462c-a00f-ac6fb5464a33\",\"imageSize\":\"S\"}}]}},{\"_id\":\"56b78680-3197-49aa-86f8-8537b77ed257\",\"type\":\"headline-block\",\"data\":{\"headline\":{\"type\":\"epages.text\",\"data\":{\"content\":\"<h2>Viele verschiedene Nuss Spezialit\u00E4ten, z. B.</h2>\"}},\"columns\":[{\"type\":\"epages.productslider\",\"data\":{\"productIds\":[\"54350389-D7E0-F633-642F-0A483525641E\",\"5435039C-215D-FB27-2762-0A48352564E0\",\"5435038B-22C8-C19A-85BA-0A4835256481\",\"5435038D-26EF-3EB7-2A69-0A4835256497\",\"5435038C-5440-BD24-21BA-0A483525646B\",\"5435038D-21E1-77C4-9DB2-0A4835256415\",\"54350389-925C-2CE4-35E9-0A4835256483\",\"5435039C-7F84-0609-CBE9-0A4835256493\",\"5435038A-D991-3B73-7DD3-0A48352564BA\",\"5435038B-B6F7-BB04-701F-0A483525643E\",\"54350DD5-2BCA-30A1-F8AD-0A48352564C5\",\"5AAA74B5-EF05-128C-A1B3-0A483620563E\"],\"id\":\"0d213802-e371-4adc-98b7-eb5f1d8db7cb\",\"imageSize\":\"S\"}}]}},{\"_id\":\"1d6ea9db-f359-4fe4-a40d-34ee048ae90e\",\"type\":\"headline-block\",\"data\":{\"headline\":{\"type\":\"epages.text\",\"data\":{\"content\":\"<h2><strong>Beliebte Bio Tee Sorten</strong></h2>\"}},\"columns\":[{\"type\":\"epages.productslider\",\"data\":{\"productIds\":[\"6033DF7D-2699-595D-80AB-0A48352CBC24\",\"630DB6A2-5ADD-69CA-ACA6-0A48353C61DC\",\"63DBB009-FACA-8BAE-3FF4-0A48353D5956\",\"543512DA-F815-990F-C16B-0A4835256497\",\"63DBB29A-7BD0-6F59-FED7-0A48353CF893\",\"543512E2-197C-E5D2-2825-0A4835256493\",\"543514E2-B981-54EF-EBC7-0A4835256450\",\"54351E59-CDA9-EAD7-9476-0A48352564A0\",\"57EE7B63-E9B1-AE7E-7AEF-0A4835211557\",\"62A04AA8-491F-EBB5-DD4B-0A48353DD070\",\"63EBA7FE-761E-7515-4F94-0A48353C824C\",\"630DB8D4-9312-4DA5-F3A6-0A48352CB6E9\"],\"id\":\"34a70a12-f86c-4ca4-a9d4-52f65e1148e7\",\"imageSize\":\"S\"}}]}},{\"_id\":\"62a25046-7d5f-4c65-8048-272ed8291c9e\",\"type\":\"headline-block\",\"data\":{\"headline\":{\"type\":\"epages.text\",\"data\":{\"content\":\"<h2>Bruschetta, Pesto und Dipp</h2>\"}},\"columns\":[{\"type\":\"epages.productslider\",\"data\":{\"productIds\":[\"5E3A8A98-75BE-7642-30A7-0A483521AA10\",\"550815D2-4EF2-CDFD-229A-0A483521976D\",\"61EFA3D0-EA4A-6B61-FB21-0A48352B03C7\",\"61EFA041-63FE-E062-4F42-0A48352B0369\",\"57174999-2EC0-AA92-0F07-0A48352143DF\",\"5881BB0D-0DB9-5363-237A-0A48352160AC\",\"5E3A8945-4A98-BEB8-79B5-0A483521D128\",\"617E8CB5-FAB5-6B46-96DB-0A48352CB3B2\",\"61EFA395-9BE9-EF7F-BB46-0A48352B0331\",\"61EFA438-E259-9460-F89F-0A48352B037A\",\"5C50380B-D2D1-339F-66F1-0A483521D316\",\"61EFA393-C187-6484-1C08-0A48352B03FE\"],\"id\":\"3760e2fe-14fd-4727-8ce3-406dd52ac3a7\",\"imageSize\":\"S\"}}]}},{\"_id\":\"746bc8fb-c507-49c6-a0ae-9229cf750895\",\"type\":\"headline-block\",\"data\":{\"headline\":{\"type\":\"epages.text\",\"data\":{\"content\":\"<h2>Mehr als 50 Pfeffer Sorten aus der ganzen Welt u.a.</h2>\"}},\"columns\":[{\"type\":\"epages.productslider\",\"data\":{\"productIds\":[\"61EF9FA2-5432-B5DC-5CAB-0A48352B0359\",\"61EFA063-657B-8C26-EE23-0A48352B0394\",\"61EF9FD2-ECE9-0D8F-7DAF-0A48352B0338\",\"61EFA0DA-9936-7575-CD25-0A48352B03B1\",\"57FE1E20-208A-E3CB-8C09-0A48352BACC9\",\"5A799A58-EBD1-7084-A0CE-0A4835219D71\",\"61EFA455-F2D8-7ED9-30F1-0A48352B0323\",\"5E272632-8DB1-F702-F8CB-0A483521AC72\",\"61EFA4ED-73F5-0536-D50F-0A48352B03A4\",\"61EFA02A-BBF1-443C-2EAE-0A48352B03D0\",\"61EFA466-BB91-BE89-13E5-0A48352B03E8\",\"61EF9F6D-F5B3-654A-AF75-0A48352B03AB\"],\"id\":\"8a8b57c9-2026-4764-a9db-87e61b478fc3\",\"imageSize\":\"S\"}}]}},{\"_id\":\"0414d590-7ab3-4372-87e2-e566cbef3cb1\",\"type\":\"headline-block\",\"data\":{\"headline\":{\"type\":\"epages.text\",\"data\":{\"content\":\"<h2>Weihnachtsgew\u00FCrze und Backartikel</h2>\"}},\"columns\":[{\"type\":\"epages.productslider\",\"data\":{\"productIds\":[\"61EFA08F-512E-7789-172D-0A48352B0388\",\"61EFA09A-5DDA-0E56-0F81-0A48352B0379\",\"61EFA07D-493C-303A-72C2-0A48352B035D\",\"561797F7-608E-5501-9C26-0A483521C965\",\"5F3F983E-6A0F-9C83-6129-0A483521F77C\",\"5F3F973A-3CE0-CA66-EE62-0A4835213E63\",\"61EF9F43-C33F-B69D-B33D-0A48352B03A1\",\"5767CA5F-72E6-6DE9-991B-0A48352103CD\",\"61EFA370-2DFE-2098-718E-0A48352B0334\",\"61EF9F58-9330-F5A2-3E7A-0A48352B03B2\",\"61EFA088-113B-65F4-6474-0A48352B0302\",\"54350CEC-1916-C79E-59E9-0A48352564C4\"],\"id\":\"3fa982e5-1692-47b7-984f-1615bccece70\",\"imageSize\":\"S\"}}]}},{\"_id\":\"11ac1e74-f61a-4942-960e-fb29604c6d6b\",\"type\":\"headline-block\",\"data\":{\"headline\":{\"type\":\"epages.text\",\"data\":{\"content\":\"<h2>Aufbewahrung - M\u00FChlen - Dosen - Streuer</h2>\"}},\"columns\":[{\"type\":\"epages.productslider\",\"data\":{\"productIds\":[\"54351686-9BEC-BB1C-DF7A-0A483525647D\",\"543500A0-5643-EC54-3025-0A4835256443\",\"543512F6-FD43-2D64-0B2D-0A4835256428\",\"543512FA-1EB5-C0AD-B928-0A4835256494\",\"587F54A6-1BFD-11BD-8074-0A4835218500\",\"54351DEF-7920-4DB0-42EF-0A4835256412\",\"587F5452-779F-4D52-E812-0A4835215C61\",\"5435009D-3410-24D6-B2EF-0A4835256437\",\"54351DEC-B863-B492-0928-0A483525646B\",\"543B9267-0B86-F40D-1A09-0A48352056E3\",\"543519A1-EEE4-5D5E-C36F-0A4835256461\",\"5A86E5E9-B15D-47D0-3EFB-0A4835212CFA\"],\"id\":\"d8e10ab7-ae9e-4838-a762-58e716198a5f\",\"imageSize\":\"S\"}}]}},{\"_id\":\"f2ecaaa9-b750-443f-81da-44f156a23bb6\",\"type\":\"headline-block\",\"data\":{\"headline\":{\"type\":\"epages.text\",\"data\":{\"content\":\"<h2>\u00DCber 50 Salz Spezialit\u00E4ten aus aller Welt</h2>\"}},\"columns\":[{\"type\":\"epages.productslider\",\"data\":{\"productIds\":[\"5AD71B1A-3C03-689D-7857-0A483620FC07\",\"61EFA4E9-2949-2B6C-3340-0A48352B03D6\",\"6033A72D-1990-E247-FBE2-0A48353C9325\",\"569F753F-7E65-3184-2F99-0A483521563B\",\"54ED9C9B-3B7A-7549-CFC4-0A483521A619\",\"595E4172-1720-E49B-6913-0A4835215ADC\",\"595E40AD-F375-0B1D-5F01-0A483521CE8C\",\"543517B4-8DD6-B84D-A35D-0A4835256408\",\"61EFA093-D64B-375E-09A7-0A48352B0322\",\"559F91BD-F100-C4AD-D7BD-0A48352022D9\",\"61EFA391-865B-7F2E-2EB4-0A48352B038F\",\"61EF9FC9-0161-6327-BF00-0A48352B03D5\"],\"id\":\"f2ef4d35-cf09-4fed-aad2-e11208297a87\",\"imageSize\":\"S\"}}]}},{\"_id\":\"e2f050e5-bef7-43d9-861f-bad8bffa85ae\",\"type\":\"headline-block\",\"data\":{\"headline\":{\"type\":\"epages.text\",\"data\":{\"content\":\"<h2>Trockenobst Highlights, z.B.</h2>\"}},\"columns\":[{\"type\":\"epages.productslider\",\"data\":{\"productIds\":[\"54351BF9-DA9F-0C18-F1A8-0A483525644F\",\"543519D0-E68C-4AD4-3B1D-0A4835256428\",\"5ACB6799-CD91-7EE0-C73E-0A483620BC5A\",\"5F3F9E1F-B822-A267-A4BE-0A48352169D1\",\"5435039C-BC06-EC8E-2308-0A483525648A\",\"543503C5-8B28-13D8-FE5F-0A48352564E2\",\"5435039C-7F84-0609-CBE9-0A4835256493\",\"54350394-54C7-88E7-D201-0A483525640F\",\"612F2DBE-68DF-1B75-0A78-0A48352C9205\",\"54351928-6460-F865-AF43-0A4835256487\"],\"id\":\"884bd3dd-52be-4fa1-af52-fcaf3a5a7638\",\"imageSize\":\"S\"}}]}},{\"_id\":\"ae13677d-13d2-4ed0-8fbd-8c58ecb2b7c5\",\"type\":\"headline-block\",\"data\":{\"headline\":{\"type\":\"epages.text\",\"data\":{\"content\":\"<h2>Ayurveda Tee (Goldene Milch, Chai, Kurkuma), z.B.</h2>\"}},\"columns\":[{\"type\":\"epages.productslider\",\"data\":{\"productIds\":[\"54351104-39C6-F822-08EF-0A48352564BB\",\"54350CD5-877F-A6DA-4F08-0A4835256424\",\"61EFA0AF-E83F-D4F2-338A-0A48352B031F\",\"54351102-1828-D024-0403-0A4835256452\",\"595353C8-CC7D-5F05-17CD-0A4835212FBA\",\"5B3DF2CD-CC27-4039-A97A-0A483521B018\",\"61EF9F35-9D0C-6C4C-3128-0A48352B0389\",\"5A65DB7D-A8B9-AE4D-CFE7-0A48352123C2\",\"5DADAA7C-9DA5-8216-A99E-0A4835212125\",\"5C767A1A-53CA-8292-7F45-0A48352175DF\",\"54ED98A8-674D-37BB-A3D5-0A483520C1DE\",\"54350789-51B0-348E-DCF1-0A4835256471\"],\"id\":\"85d92340-4d0a-4ac7-a2da-696c47fe0883\",\"imageSize\":\"S\"}}]}},{\"_id\":\"c5caed0f-6cc0-4028-bf5d-5f35ca2e40e6\",\"type\":\"headline-block\",\"data\":{\"headline\":{\"type\":\"epages.text\",\"data\":{\"content\":\"<h2><strong>Orientalische Gew\u00FCrz Highlights u.a.</strong></h2>\"}},\"columns\":[{\"type\":\"epages.productslider\",\"data\":{\"productIds\":[\"602FB42C-741D-032C-A7F3-0A4835D6764F\",\"61EF9F34-2C57-205E-6795-0A48352B0385\",\"5A9EB98E-787C-F5EC-65C9-0A4836204891\",\"5E319886-DBEE-B32D-6F80-0A4835218D73\",\"61EFA095-7774-7DF2-9B87-0A48352B03F3\",\"61EFA084-F3AD-B2FE-0B7F-0A48352B0309\",\"56DEF7FC-4D81-65D2-29B4-0A483521EA2E\",\"61EFA028-F41B-DB77-5720-0A48352B03EB\",\"61EFA01D-5585-D10D-51FD-0A48352B03BA\",\"61EFA05F-8FA5-A897-C621-0A48352B03A3\",\"61EFA029-1F65-76E7-EEB3-0A48352B0387\",\"61EFA019-3BE1-A477-6314-0A48352B035F\"],\"id\":\"8ddd524b-b94c-4ddd-858b-5d4d7c56dc87\",\"imageSize\":\"S\"}}]}},{\"_id\":\"18432e87-6498-4bec-bc3f-dc2090bcbd5c\",\"type\":\"headline-block\",\"data\":{\"headline\":{\"type\":\"epages.text\",\"data\":{\"content\":\"<h2><strong>Die besten Eintopf Kr\u00E4uter (Mischungen)</strong></h2>\"}},\"columns\":[{\"type\":\"epages.productslider\",\"data\":{\"productIds\":[\"57594652-6FF8-A412-87BD-0A483521020C\",\"5767C960-77D6-ACA6-EFD4-0A483521B3D1\",\"61EFA4DC-DD42-FD06-B407-0A48352B0391\",\"54350761-912D-E24B-C710-0A483525647A\",\"5435104C-CFE4-D227-31FC-0A4835256485\",\"5E3A8C9B-AB37-AF98-7C80-0A483521A15F\",\"61DFC99B-F014-C96A-2F1F-0A48353D3BCE\",\"543500F0-47A3-15F4-207F-0A48352564A1\",\"61EFA402-57E7-1E7D-2C2D-0A48352B0369\",\"61EF9FB0-E3F7-57D8-4467-0A48352B037F\",\"61EF9FD9-2932-4F96-AF24-0A48352B03C8\",\"61EF9F34-2C57-205E-6795-0A48352B0385\"],\"id\":\"1de469a0-eb9b-42a0-a865-eedc77af6e65\",\"imageSize\":\"S\"}}]}},{\"_id\":\"bd524ba4-3006-4f0d-a75e-61c63f647552\",\"type\":\"headline-block\",\"data\":{\"headline\":{\"type\":\"epages.text\",\"data\":{\"content\":\"<h2>Verschiedene Asia Lebensmittel (z.B. f\u00FCr Sushi, Reis, Essig, Kokosmilch, Currypaste, Sojasauce.....)</h2>\"}},\"columns\":[{\"type\":\"epages.productslider\",\"data\":{\"productIds\":[\"5C76660C-3D78-C1AB-FFBF-0A483521E824\",\"54350D8A-2EF8-A711-AC04-0A483525642B\",\"54351AFA-8172-9128-0837-0A483525647E\",\"54351AFC-A57D-C112-9196-0A48352564C0\",\"54351AFB-EA14-CE13-9835-0A48352564C4\",\"54351B01-AC2D-DB84-A1BE-0A48352564EE\",\"54351C84-F81F-D42A-1A7B-0A483525642D\",\"6022682E-EEAB-B24A-B7A4-0A4835D66F35\",\"5BBDD1A2-655F-FC24-3B4E-0A483521E05D\",\"5C766912-7FA7-9744-24A4-0A48352131B8\",\"5B5852A6-FCF6-9A07-B259-0A483521BACC\",\"5C766309-30F6-573B-4022-0A4835214EA2\"],\"id\":\"74852e4b-dd6d-4024-8380-edf5827c0a94\",\"imageSize\":\"S\"}}]}},{\"_id\":\"c35be16f-0ae9-418b-9678-d57c1bca8917\",\"type\":\"headline-block\",\"data\":{\"headline\":{\"type\":\"epages.text\",\"data\":{\"content\":\"<h2>Einige unserer beliebtesten Curry Sorten</h2>\"}},\"columns\":[{\"type\":\"epages.productslider\",\"data\":{\"productIds\":[\"61EF9F2B-70BA-3B29-F6B6-0A48352B03CA\",\"61EF9F78-CD97-1FC8-82E7-0A48352B0322\",\"61EF9F83-078E-0A16-49D8-0A48352B035C\",\"61EF9F39-A671-27FA-E698-0A48352B039B\",\"61EF9FE0-E75C-E6E5-A9C0-0A48352B0308\",\"61EFA06F-7928-D6DD-81EF-0A48352B0365\",\"61EF9F3B-66F1-A181-C0CC-0A48352B0381\",\"61EFA073-55B5-8FA1-BC32-0A48352B03D2\",\"5508130F-D5F7-5508-6CC3-0A48352142C8\",\"61EFA375-A2BE-8043-FBB3-0A48352B030E\",\"5C6D3459-D28A-4E55-B6EE-0A48352157F4\",\"61EFA0C2-06AF-8234-E4F2-0A48352B03A5\"],\"id\":\"c1218066-09de-4166-8076-0b52a30d2117\",\"imageSize\":\"S\"}}]}},{\"_id\":\"ddc54996-0ad6-4e3d-9722-16964eeb09ab\",\"type\":\"headline-block\",\"data\":{\"headline\":{\"type\":\"epages.text\",\"data\":{\"content\":\"<h2>Backzutaten (eine kleine Auswahl)</h2>\"}},\"columns\":[{\"type\":\"epages.productslider\",\"data\":{\"productIds\":[\"61DEBADC-6C3A-0BF8-FD76-0A48353D1DC3\",\"54351DD1-18D8-6BB7-FCC6-0A48352564E7\",\"5C4EE1B4-0ADD-A48E-0868-0A4835216135\",\"56FD2C47-BE55-599F-8C22-0A48352124DC\",\"56F142A2-34E4-1B38-02D8-0A48352156D5\",\"54D371E0-330A-398F-D503-0A483520CD38\",\"61DEB01A-1486-6F40-268E-0A48353DD472\",\"54D37662-8C50-8E21-E7CE-0A4835210948\",\"60489DC5-5CBB-9245-CB65-0A48353CB869\",\"5CD3FB0C-EBEA-4EB2-4B59-0A4835217BA7\",\"577A7761-1513-1DF7-E41C-0A483521C2DB\",\"5E7C8ACA-C8AF-5DFB-9837-0A4835218CF0\"],\"id\":\"81b29dfe-eb2a-4808-aa0d-942146b727ac\",\"imageSize\":\"S\"}}]}},{\"_id\":\"dc403f3e-031a-43b7-b5d4-91e76058d18b\",\"type\":\"headline-block\",\"data\":{\"headline\":{\"type\":\"epages.text\",\"data\":{\"content\":\"<h2>EISZUTATEN (z.B. Eisbasis Pulver, Glukose, Frozen Yoghurt...)</h2>\"}},\"columns\":[{\"type\":\"epages.productslider\",\"data\":{\"productIds\":[\"54351C10-4EEE-C9EB-0FF7-0A48352564CA\",\"5CCAEAA3-16BB-54DD-7366-0A4835211B0C\",\"5CCAEBBB-61CB-FCDB-D878-0A4835214795\",\"54D37A1D-2782-F923-CFA5-0A483521068F\",\"54D37AD9-8465-C768-4CC9-0A4835201C32\",\"54351A05-A7F1-01B7-DDD2-0A48352564CF\",\"54350CD3-E560-53C0-75DE-0A483525641A\",\"54351DAC-372B-3F17-EAE7-0A4835256409\",\"55531FA5-CA9B-6E2B-71C2-0A48352083EA\",\"56F14352-C265-693C-2AD0-0A483521E856\",\"54D371E0-330A-398F-D503-0A483520CD38\",\"577A7761-1513-1DF7-E41C-0A483521C2DB\"],\"id\":\"bb161107-06ab-4b5b-bc83-e590f6ad0fb7\",\"imageSize\":\"S\"}}]}},{\"_id\":\"37913646-69a3-483a-8a30-83b48a91212d\",\"type\":\"headline-block\",\"data\":{\"headline\":{\"type\":\"epages.text\",\"data\":{\"content\":\"<h2><strong>Ihre BBQ Favoriten!</strong></h2>\"}},\"columns\":[{\"type\":\"epages.productslider\",\"data\":{\"productIds\":[\"5BD07258-92FE-3D51-49A3-0A483521D710\",\"575944ED-4D61-BB4B-4FA7-0A48352127B8\",\"5A69A648-AA5B-FDD2-DC3A-0A483521845F\",\"5AAC0944-995A-3889-1233-0A48362011F0\",\"5CE6898C-F191-5D58-9F5A-0A4835213855\",\"6043778C-67CF-4778-D1DF-0A48353C2DBB\",\"61EFA027-77E2-E644-D55C-0A48352B0331\",\"61EFA39C-C34D-0219-21AF-0A48352B0384\",\"61EFA39D-B324-CF90-D9EA-0A48352B0374\",\"61EFA397-3797-DB58-6FE4-0A48352B03C3\",\"61EFA393-4E86-77B7-2615-0A48352B0332\",\"61EFA0AE-1481-69A5-07B2-0A48352B0304\"],\"id\":\"0a58fea1-12e1-47b7-82a6-bada8fef5e9b\",\"imageSize\":\"S\"}}]}},{\"_id\":\"f5ec89c4-a513-463a-ac9f-b372636e1a96\",\"type\":\"multi-column\",\"data\":{\"columns\":[{\"type\":\"epages.html\",\"data\":{\"html\":\"<\u0073cript id=\\\"trustamiwidget\\\" type=\\\"text/javascript\\\" src=\\\"https://cdn.trustami.com/widgetapi/widget2/trustami-widget.js\\\" data-profile=\\\"565465a02b5d85cb548b4931\\\" data-user=\\\"6b708b8e0a506b3dc08120c0db710b6e0304b91b\\\" data-platform=\\\"0\\\" async><\/script>\"}}]}},{\"_id\":\"91e1754f-e37f-432e-bb1a-5beccff99f82\",\"type\":\"multi-column\",\"data\":{\"columns\":[{\"type\":\"epages.html\",\"data\":{\"html\":\"<div style=\\\"display:block; background-color:#FBFBFB; color:#292929; border: 1px solid gray; padding:15px; font-family:Helvetica,Arial,sans-serif; font-size:14px; font-style:normal;\\\"><img style=\\\"float:left;pointer-events:none;margin-right:10px;\\\" src=\\\"https://www.fairness-im-handel.de/wp-content/uploads/logo-fairness-90.png\\\" alt=\\\"Initiative: Fairness im Handel\\\" /><p style=\\\"padding-top:10px;\\\">Mitglied der Initiative &quot;Fairness im Handel&quot;.<br />Informationen zur Initiative: <a style=\\\"color:#ef7b00\\\" href=\\\"https://www.fairness-im-handel.de\\\" target=\\\"_blank\\\">https://www.fairness-im-handel.de </a></p><div style=\\\"clear: both;\\\"></div></div>\\n<a href=\\\"https://www.it-recht-kanzlei.de/\\\" target=\\\"_blank\\\"><img src=\\\"https://www.it-recht-kanzlei.de/logo/Logo_Juristisch_betreut_durch_IT-Recht_Kanzlei.png?i=47be2-2e364-39c6-907c-1\\\" alt=\\\"Vertreten durch die IT-Recht Kanzlei\\\" /></a>\"}}]}}],\"elements\":[]},\"categoryId\":\"53C9B929-9354-8A94-0FA3-0A483520223C\",\"objectId\":76697,\"lft\":null,\"type\":\"category\",\"id\":\"e738b778-fa4d-4c12-bf11-d7c3192e25bf\",\"createdAt\":\"2022-01-13T08:20:05.000Z\",\"basePageId\":null,\"facetedSearchCategoryStartDepth\":0,\"rgt\":null}},\"customer\":{}}",
          googleTagManagerId: 'GTM-PMPPCJK',
          additionalScripts: ["/epages/6390bf67-3db7-4989-81d2-fd1d1df38751.sf?ViewAction=UnityViewFacebookBusinessPixelCode","/epages/6390bf67-3db7-4989-81d2-fd1d1df38751.sf?ViewAction=UnityViewRegisterSessionScript","/epages/6390bf67-3db7-4989-81d2-fd1d1df38751.sf?ViewAction=UnityViewAddToWishlistScript","https://consent.cookiefirst.com/banner.js?cookiefirst-key=2662917d-e30f-429e-a01a-7a4e289a6314","https://cdn.hyj.mobi/d/epages.js?cid=9422"],
        }
      </script><script src="/static/vendor-c5acfc368e0a49653926.js" nonce="" async=""></script><script src="/static/app-e643dbfaffe4715756a3.js" nonce="" async=""></script><script src="https://pix.hyj.mobi/rt?t=d&amp;cid=9422&amp;action=c&amp;id=53C9B929-9354-8A94-0FA3-0A483520223C" async=""></script><script>(function(){try{var img=document.createElement("img");img.alt="";img.style="display:none";img.src="https://x.bidswitch.net/sync?dsp_id=95&user_id=beef4c16-9303-4310-a161-79eaa4e2ed17&expires=30&user_group=2";document.getElementsByTagName("BODY")[0].appendChild(img);}catch(e){}})();</script><img alt="" src="https://x.bidswitch.net/sync?dsp_id=95&amp;user_id=beef4c16-9303-4310-a161-79eaa4e2ed17&amp;expires=30&amp;user_group=2" style="display: none;"></body></html>