<!DOCTYPE html><html xml:lang="de" lang="de"><head>
<meta http-equiv="Content-Type" content="text/html; charset=utf-8">
<title>Essbare Landschaften – Die einfachen Genüsse</title>
<meta name="viewport" content="width=device-width, initial-scale=1, maximum-scale=1">
<meta name="description" content="Dry Aged Beef, Schweinefleisch und Rindfleisch von seltenen Rassen aus Freilandhaltung aus Deutschland. ">
<meta name="keywords" content="Fleisch, Dry Aged Beef, Schlachtung, Schweinefleisch, Schwein, Landschwein, Freilandhaltung, Rindfleisch">
<meta name="robots" content="INDEX,FOLLOW,NOODP">
<link rel="icon" href="https://www.essbare-landschaften.de/media/favicon/default/el_logo_01_wortbildmarke-min.jpg" type="image/x-icon">
<link rel="shortcut icon" href="https://www.essbare-landschaften.de/media/favicon/default/el_logo_01_wortbildmarke-min.jpg" type="image/x-icon">
<link rel="stylesheet" type="text/css" href="https://www.essbare-landschaften.de/media/amoptimization/default/media/css_secure/0088f5984f64607cedccfedd736387b1.css?v=1703228656" media="all">
<link rel="stylesheet" type="text/css" href="https://www.essbare-landschaften.de/media/amoptimization/default/media/css_secure/63e30f6ea94d0fd2685450350b5f7f58.css?v=1703228656" media="print">
<link href="https://www.essbare-landschaften.de/rss/catalog/new/store_id/1/" title="Neue Artikel" rel="alternate" type="application/rss+xml">
<link href="https://www.essbare-landschaften.de/rss/catalog/special/store_id/1/cid/0/" title="Sonderartikel" rel="alternate" type="application/rss+xml">
<link href="https://www.essbare-landschaften.de/rss/catalog/salesrule/store_id/1/cid/0/" title="Rabattcodes" rel="alternate" type="application/rss+xml">
<!--[if IE]>
<link rel="stylesheet" type="text/css" href="https://www.essbare-landschaften.de/media/amoptimization/default/media/css_secure/d4cd79e6523dc060f6507070708ad7fe.css?v=1703228656" media="all" />
<![endif]-->
<!--[if IE 7]>
<link rel="stylesheet" type="text/css" href="https://www.essbare-landschaften.de/media/amoptimization/default/media/css_secure/33cdf74e207ca24f3bffc3ed8cb16f66.css?v=1703228656" media="all" />
<![endif]-->
<!--[if lte IE 7]>
<link rel="stylesheet" type="text/css" href="https://www.essbare-landschaften.de/media/amoptimization/default/media/css_secure/5d19a9fd224347153ae44a99251df35c.css?v=1703228656" media="all" />
<![endif]-->
<!--[if lte IE 8]>
<link rel="stylesheet" type="text/css" href="https://www.essbare-landschaften.de/media/amoptimization/default/media/css_secure/967b74af26dd5f877967e9d1008f9140.css?v=1703228656" media="all" />
<![endif]-->
<style>
</style>
<!---->
<style type="text/css"></style><style type="text/css">.privacypolicies-com---reset{-webkit-text-size-adjust:100%;-ms-text-size-adjust:100%;-ms-overflow-style:scrollbar;-webkit-tap-highlight-color:transparent;margin:0;font-family:-apple-system, BlinkMacSystemFont, "Segoe UI", Roboto, "Helvetica Neue", Arial, sans-serif, "Apple Color Emoji", "Segoe UI Emoji", "Segoe UI Symbol";font-size:1rem;font-weight:400;line-height:1.5;color:#212529;text-align:left;background-color:#fff}.privacypolicies-com---reset *,.privacypolicies-com---reset *::before,.privacypolicies-com---reset *::after{box-sizing:border-box}.privacypolicies-com---reset a,.privacypolicies-com---reset li,.privacypolicies-com---reset p,.privacypolicies-com---reset h1,.privacypolicies-com---reset h2,.privacypolicies-com---reset input,.privacypolicies-com---reset button,.privacypolicies-com---reset select{border-style:none;box-shadow:none;margin:0;padding:0;border:0;font-size:100%;font:inherit;vertical-align:baseline;outline:none}@-ms-viewport{.privacypolicies-com---reset{width:device-width}}.privacypolicies-com---reset [tabindex="-1"]:focus{outline:0 !important}.privacypolicies-com---reset h1,.privacypolicies-com---reset h2,.privacypolicies-com---reset h3,.privacypolicies-com---reset h4,.privacypolicies-com---reset h5,.privacypolicies-com---reset h6{margin-top:0;margin-bottom:0;color:#000}.privacypolicies-com---reset p{margin-top:0;margin-bottom:1rem}.privacypolicies-com---reset div{display:block}.privacypolicies-com---reset ol,.privacypolicies-com---reset ul,.privacypolicies-com---reset dl{margin-top:0;margin-bottom:1rem}.privacypolicies-com---reset ol ol,.privacypolicies-com---reset ul ul,.privacypolicies-com---reset ol ul,.privacypolicies-com---reset ul ol{margin-bottom:0}.privacypolicies-com---reset b,.privacypolicies-com---reset strong{font-weight:bolder}.privacypolicies-com---reset small{font-size:80%}.privacypolicies-com---reset a{color:#007bff;text-decoration:none;background-color:transparent;-webkit-text-decoration-skip:objects}.privacypolicies-com---reset a:hover{color:#0056b3;text-decoration:underline}.privacypolicies-com---reset a:not([href]):not([tabindex]){color:inherit;text-decoration:none}.privacypolicies-com---reset a:not([href]):not([tabindex]):hover,.privacypolicies-com---reset a:not([href]):not([tabindex]):focus{color:inherit;text-decoration:none}.privacypolicies-com---reset a:not([href]):not([tabindex]):focus{outline:0}.privacypolicies-com---reset label{display:inline-block;margin-bottom:0.5rem}.privacypolicies-com---reset button{border-radius:2px;padding:.5rem 1rem;outline:none;background:#dcdae5;color:#111;cursor:pointer;border:none;transition:all ease .3s}.privacypolicies-com---reset button:focus{outline:none}.privacypolicies-com---reset select{border-style:none}.privacypolicies-com---reset input,.privacypolicies-com---reset button,.privacypolicies-com---reset select,.privacypolicies-com---reset optgroup,.privacypolicies-com---reset textarea{margin:0;font-family:inherit;font-size:inherit;line-height:inherit}.privacypolicies-com---reset button,.privacypolicies-com---reset input{overflow:visible}.privacypolicies-com---reset button,.privacypolicies-com---reset select{text-transform:none}.privacypolicies-com---reset button,.privacypolicies-com---reset html [type="button"],.privacypolicies-com---reset [type="reset"],.privacypolicies-com---reset [type="submit"]{-webkit-appearance:button}.privacypolicies-com---reset button::-moz-focus-inner,.privacypolicies-com---reset [type="button"]::-moz-focus-inner,.privacypolicies-com---reset [type="reset"]::-moz-focus-inner,.privacypolicies-com---reset [type="submit"]::-moz-focus-inner{padding:0;border-style:none}.privacypolicies-com---reset input[type="radio"],.privacypolicies-com---reset input[type="checkbox"]{box-sizing:border-box;padding:0}.privacypolicies-com---reset [hidden]{display:none !important}
</style><style type="text/css">.privacypolicies-com---nb{overflow:auto;z-index:99999999999;font-size:16px}.privacypolicies-com---nb .cc-nb-main-container{padding:3rem;background:#d3d3d3}.privacypolicies-com---nb .cc-nb-title{font-size:24px;font-weight:600}.privacypolicies-com---nb .cc-nb-text{font-size:16px;margin:0 0 1.25rem 0}.privacypolicies-com---nb .cc-nb-okagree,.privacypolicies-com---nb .cc-nb-reject,.privacypolicies-com---nb .cc-nb-changep{font-weight:bold;font-size:14px;margin-right:0.25rem !important;margin-bottom:0.25rem !important}@media (max-width: 480px){.privacypolicies-com---nb .cc-nb-okagree,.privacypolicies-com---nb .cc-nb-reject,.privacypolicies-com---nb .cc-nb-changep{display:block;width:100%}}.privacypolicies-com---nb-headline{right:0;top:auto;bottom:0;left:0;max-width:100%;position:relative}@media (max-width: 320px), (max-height: 480px){.privacypolicies-com---nb-headline{overflow:auto;height:200px;max-width:100%;right:0;top:auto;bottom:0;left:auto;position:fixed}}.privacypolicies-com---nb-simple{right:0;top:auto;bottom:0;left:auto;max-width:50%;position:fixed}@media screen and (max-width: 600px){.privacypolicies-com---nb-simple{max-width:80%}}@media (max-width: 320px), (max-height: 480px){.privacypolicies-com---nb-simple{overflow:auto;height:200px;max-width:100%}}.privacypolicies-com---nb-interstitial-overlay{position:fixed;top:0;left:0;height:100%;width:100%;background:rgba(0,0,0,0.8);z-index:9999999999}.privacypolicies-com---nb-interstitial{right:3vw;top:3vh;left:3vw;max-width:100%;position:fixed}@media (max-width: 320px), (max-height: 480px){.privacypolicies-com---nb-interstitial{overflow:auto;height:200px;right:0;top:auto;bottom:0;left:auto;position:fixed}}.privacypolicies-com---nb-standalone{position:fixed;top:0;left:0;height:100%;width:100%}@media (max-width: 320px), (max-height: 480px){.privacypolicies-com---nb-standalone{overflow:auto;height:200px;max-width:100%;right:0;top:auto;bottom:0;left:auto;position:fixed}}.privacypolicies-com---pc-overlay{width:100%;height:100%;position:fixed;background:rgba(0,0,0,0.5);z-index:999999999999;top:0;left:0;display:none}@media screen and (max-width: 600px){.privacypolicies-com---pc-overlay{overflow-y:scroll}}.privacypolicies-com---pc-dialog{position:absolute;margin:30px auto;width:750px;max-width:90%;height:auto;left:0;right:0}.privacypolicies-com---pc-dialog>div{width:100%}.privacypolicies-com---pc-dialog .cc-pc-container{width:100%;display:flex;background:#fff;flex-direction:column}.privacypolicies-com---pc-dialog .cc-pc-head{background:#fff;color:#111;display:flex;flex-direction:row;justify-content:space-between}@media screen and (max-width: 600px){.privacypolicies-com---pc-dialog .cc-pc-head{flex-direction:column}}.privacypolicies-com---pc-dialog .cc-pc-head-title{display:flex;padding-left:15px;flex-direction:column;justify-content:center;align-items:baseline}@media screen and (max-width: 600px){.privacypolicies-com---pc-dialog .cc-pc-head-title{align-items:center;padding:15px 0 0 0}}.privacypolicies-com---pc-dialog .cc-pc-head-title-text{font-size:16px;line-height:1.5;margin:0}.privacypolicies-com---pc-dialog .cc-pc-head-title-headline{font-size:20px;font-weight:600;margin:0}.privacypolicies-com---pc-dialog .cc-pc-head-lang{display:flex;align-items:center;padding-right:15px;min-height:80px;justify-content:center}@media screen and (max-width: 600px){.privacypolicies-com---pc-dialog .cc-pc-head-lang{padding:15px 0;min-height:20px}}.privacypolicies-com---pc-dialog .cc-pc-head-close{display:flex;align-items:center;justify-content:center;margin-left:15px}.privacypolicies-com---pc-dialog .cc-cp-body{display:flex;flex-direction:row;align-items:stretch;background:#292929;color:#f5f5f5;border-bottom:none}@media screen and (max-width: 600px){.privacypolicies-com---pc-dialog .cc-cp-body{flex-direction:column}}.privacypolicies-com---pc-dialog .cc-cp-body-tabs{font-family:Arial, sans-serif !important;width:150px;margin:0;padding:0;background:#e6e6e6;min-width:150px}@media screen and (max-width: 600px){.privacypolicies-com---pc-dialog .cc-cp-body-tabs{width:100%}}.privacypolicies-com---pc-dialog .cc-cp-body-tabs-item{margin:0;padding:0;float:left;display:block;width:100%;color:#666;background:#e6e6e6;border-bottom:1px solid #ccc;border-right:1px solid #ccc;transition:all ease .1s;box-sizing:content-box}@media screen and (max-width: 600px){.privacypolicies-com---pc-dialog .cc-cp-body-tabs-item{border-right:0}}.privacypolicies-com---pc-dialog .cc-cp-body-tabs-item[active=true]{background:#292929;color:#f5f5f5}.privacypolicies-com---pc-dialog .cc-cp-body-tabs-item-link{text-decoration:none;color:#666;display:block;padding:10px 5px 10px 10px;font-weight:700;font-size:12px;line-height:19px;position:relative}.privacypolicies-com---pc-dialog .cc-cp-body-content{background:#292929;color:#f5f5f5}.privacypolicies-com---pc-dialog .cc-cp-body-content-entry{width:100%;display:none;padding:25px;box-sizing:border-box}.privacypolicies-com---pc-dialog .cc-cp-body-content-entry[active=true]{display:block}.privacypolicies-com---pc-dialog .cc-cp-body-content-entry-title{font-size:24px;font-weight:600}.privacypolicies-com---pc-dialog .cc-cp-body-content-entry-text{font-size:16px;line-height:1.5}.privacypolicies-com---pc-dialog .cc-cp-foot{background:#f2f2f2;display:flex;flex-direction:row;align-items:center;border-top:1px solid #ccc;justify-content:space-between}.privacypolicies-com---pc-dialog .cc-cp-foot-byline{padding:20px 10px;font-size:14px;color:#333;display:block !important}.privacypolicies-com---pc-dialog .cc-cp-foot-byline a{color:#999}.privacypolicies-com---pc-dialog .cc-cp-foot-save{margin-right:10px;opacity:.9;transition:all ease .3s;font-size:14px;font-weight:bold;height:auto}.privacypolicies-com---pc-dialog .cc-cp-foot-save:hover{opacity:1}.privacypolicies-com---pc-dialog input[type="checkbox"].cc-custom-checkbox{position:absolute;margin:2px 0 0 16px;cursor:pointer}.privacypolicies-com---pc-dialog input[type="checkbox"].cc-custom-checkbox+label{position:relative;padding:4px 0 0 50px;line-height:2.0em;cursor:pointer;display:inline;font-size:14px}.privacypolicies-com---pc-dialog input[type="checkbox"].cc-custom-checkbox+label:before{content:"";position:absolute;display:block;left:0;top:0;width:40px;height:24px;border-radius:16px;background:#fff;border:1px solid #d9d9d9;-webkit-transition:all 0.3s;transition:all 0.3s}.privacypolicies-com---pc-dialog input[type="checkbox"].cc-custom-checkbox+label:after{content:"";position:absolute;display:block;left:0px;top:0px;width:24px;height:24px;border-radius:16px;background:#fff;border:1px solid #d9d9d9;-webkit-transition:all 0.3s;transition:all 0.3s}.privacypolicies-com---pc-dialog input[type="checkbox"].cc-custom-checkbox+label:hover:after{box-shadow:0 0 5px rgba(0,0,0,0.3)}.privacypolicies-com---pc-dialog input[type="checkbox"].cc-custom-checkbox:checked+label:after{margin-left:16px}.privacypolicies-com---pc-dialog input[type="checkbox"].cc-custom-checkbox:checked+label:before{background:#55D069}
</style><style type="text/css">.privacypolicies-com---palette-dark.privacypolicies-com---nb{background-color:#111;color:#fff}.privacypolicies-com---palette-dark .cc-nb-title{color:#fff}.privacypolicies-com---palette-dark .cc-nb-text{color:#fff}.privacypolicies-com---palette-dark .cc-nb-okagree{color:#000;background-color:#ff0}.privacypolicies-com---palette-dark .cc-nb-okagree:focus{box-shadow:0 0 0 2px #3dd000}.privacypolicies-com---palette-dark .cc-nb-reject{color:#000;background-color:#ff0}.privacypolicies-com---palette-dark .cc-nb-reject:focus{box-shadow:0 0 0 2px #3dd000}.privacypolicies-com---palette-dark .cc-nb-changep{background-color:#eaeaea;color:#111}.privacypolicies-com---palette-dark .cc-nb-changep:focus{box-shadow:0 0 0 2px #3dd000}.privacypolicies-com---palette-dark .cc-pc-container{background:#212121}.privacypolicies-com---palette-dark .cc-pc-head{background:#212121;color:#fff;border-bottom:1px solid #111}.privacypolicies-com---palette-dark .cc-pc-head-title-headline{color:#fff}.privacypolicies-com---palette-dark .cc-pc-head-title-text{color:#fff}.privacypolicies-com---palette-dark .cc-pc-head-lang select{color:#212121}.privacypolicies-com---palette-dark .cc-pc-head-lang select:focus{box-shadow:0 0 0 2px #ff0}.privacypolicies-com---palette-dark .cc-pc-head-close{background:none;color:#e6e6e6}.privacypolicies-com---palette-dark .cc-pc-head-close:active,.privacypolicies-com---palette-dark .cc-pc-head-close:focus{border:2px solid #ff0}.privacypolicies-com---palette-dark .cc-cp-body{background:#292929 !important;color:#f5f5f5}.privacypolicies-com---palette-dark .cc-cp-body-tabs{color:#666;background:#e6e6e6}.privacypolicies-com---palette-dark .cc-cp-body-tabs-item{border-right-color:#ccc;border-bottom-color:#ccc}.privacypolicies-com---palette-dark .cc-cp-body-tabs-item-link{color:#666}.privacypolicies-com---palette-dark .cc-cp-body-tabs-item-link:hover{color:#666}.privacypolicies-com---palette-dark .cc-cp-body-tabs-item-link:focus{box-shadow:0 0 0 2px #292929}.privacypolicies-com---palette-dark .cc-cp-body-tabs-item[active=true]{background:#292929 !important}.privacypolicies-com---palette-dark .cc-cp-body-tabs-item[active=true] a{color:#f5f5f5}.privacypolicies-com---palette-dark .cc-cp-body-content{background:#292929 !important;color:#f5f5f5}.privacypolicies-com---palette-dark .cc-cp-body-content-entry-title{color:#fff}.privacypolicies-com---palette-dark .cc-cp-body-content-entry-text{color:#fff}.privacypolicies-com---palette-dark .cc-cp-body-content-entry a{color:#cce5ff}.privacypolicies-com---palette-dark .cc-cp-body-content-entry a:focus{box-shadow:0 0 0 2px #ff0}.privacypolicies-com---palette-dark .cc-cp-foot{background:#212121;border-top-color:#111}.privacypolicies-com---palette-dark .cc-cp-foot-byline{color:#fff}.privacypolicies-com---palette-dark .cc-cp-foot-byline a:focus{box-shadow:0 0 0 2px #ff0}.privacypolicies-com---palette-dark .cc-cp-foot-save{background:#ff0;color:#000}.privacypolicies-com---palette-dark .cc-cp-foot-save:focus{box-shadow:0 0 0 2px #3dd000}
</style><style type="text/css">.privacypolicies-com---palette-light.privacypolicies-com---nb{background-color:#f2f2f2;color:#111}.privacypolicies-com---palette-light .cc-nb-title{color:#111}.privacypolicies-com---palette-light .cc-nb-text{color:#111}.privacypolicies-com---palette-light .cc-nb-okagree{color:#fff;background-color:green}.privacypolicies-com---palette-light .cc-nb-okagree:focus{box-shadow:0 0 0 2px #ff8d00}.privacypolicies-com---palette-light .cc-nb-reject{color:#fff;background-color:green}.privacypolicies-com---palette-light .cc-nb-reject:focus{box-shadow:0 0 0 2px #ff8d00}.privacypolicies-com---palette-light .cc-nb-changep{background-color:#eaeaea;color:#111}.privacypolicies-com---palette-light .cc-nb-changep:focus{box-shadow:0 0 0 2px #ff8d00}.privacypolicies-com---palette-light .cc-pc-container{background:#fff}.privacypolicies-com---palette-light .cc-pc-head{background:#fff;color:#111;border-bottom:1px solid #ccc}.privacypolicies-com---palette-light .cc-pc-head-title-headline{color:#111}.privacypolicies-com---palette-light .cc-pc-head-title-text{color:#111}.privacypolicies-com---palette-light .cc-pc-head-lang select{color:#111}.privacypolicies-com---palette-light .cc-pc-head-lang select:focus{box-shadow:0 0 0 2px green}.privacypolicies-com---palette-light .cc-pc-head-close{background:none;color:#666}.privacypolicies-com---palette-light .cc-pc-head-close:active,.privacypolicies-com---palette-light .cc-pc-head-close:focus{border:2px solid green}.privacypolicies-com---palette-light .cc-cp-body{background:#fbfbfb !important;color:#111}.privacypolicies-com---palette-light .cc-cp-body-tabs{color:#666;background:#e6e6e6}.privacypolicies-com---palette-light .cc-cp-body-tabs-item{border-right-color:#ccc;border-bottom-color:#ccc}.privacypolicies-com---palette-light .cc-cp-body-tabs-item-link{color:#666}.privacypolicies-com---palette-light .cc-cp-body-tabs-item-link:hover{color:#666}.privacypolicies-com---palette-light .cc-cp-body-tabs-item-link:focus{box-shadow:0 0 0 2px #fbfbfb}.privacypolicies-com---palette-light .cc-cp-body-tabs-item[active=true]{background:#fbfbfb !important}.privacypolicies-com---palette-light .cc-cp-body-tabs-item[active=true] a{color:#111}.privacypolicies-com---palette-light .cc-cp-body-content{background:#fbfbfb !important;color:#111}.privacypolicies-com---palette-light .cc-cp-body-content-entry-title{color:#111}.privacypolicies-com---palette-light .cc-cp-body-content-entry-text{color:#111}.privacypolicies-com---palette-light .cc-cp-body-content-entry a{color:#007bff}.privacypolicies-com---palette-light .cc-cp-body-content-entry a:focus{box-shadow:0 0 0 2px green}.privacypolicies-com---palette-light .cc-cp-foot{background:#f2f2f2;border-top-color:#ccc}.privacypolicies-com---palette-light .cc-cp-foot-byline{color:#111}.privacypolicies-com---palette-light .cc-cp-foot-byline a:focus{box-shadow:0 0 0 2px green}.privacypolicies-com---palette-light .cc-cp-foot-save{background:green;color:#fff}.privacypolicies-com---palette-light .cc-cp-foot-save:focus{box-shadow:0 0 0 2px #ff8d00}
</style><style type="text/css">.privacypolicies-com---is-hidden{display:none}.privacypolicies-com---is-visible{display:block}
</style><style type="text/css">.privacypolicies-com---nb.privacypolicies-com---lang-ar,.privacypolicies-com---pc-overlay.privacypolicies-com---lang-ar{text-align:right}
</style></head>
<body class=" cms-index-index cms-home "><div class="privacypolicies-com---reset privacypolicies-com---nb privacypolicies-com---palette-light privacypolicies-com---nb-simple privacypolicies-com---lang-de" id="privacypolicies-com---nb" role="dialog" aria-modal="true" aria-labelledby="cc-nb-title" aria-describedby="cc-nb-text"><div class="cc-nb-main-container"><div class="cc-nb-title-container"><p class="cc-nb-title" id="cc-nb-title">Hier gibt es kein Werbe- und Google Tracking.</p></div><div class="cc-nb-text-container"><p class="cc-nb-text" id="cc-nb-text">Die Eßbaren Landschaften verwenden ausschließlich eigene anonymisierte Cookies zu funktionalen und Analyse-Zwecken, die nicht an Dritte gelangen. Nähere Informationen können Sie unserer <a href="https://www.essbare-landschaften.de/datenschutzhinweis/" target="_blank">Datenschutzrichtlinie</a> entnehmen.</p></div><div class="cc-nb-buttons-container"><button class="cc-nb-okagree" role="button">Seitananalyse erlauben</button><button class="cc-nb-reject" role="button">Nur funktionale Cookies</button><button class="cc-nb-changep" role="button">Einstellungen ändern</button></div></div></div>
<canvas id="snowfall"></canvas>
<div id="root-wrapper">
<div class="wrapper">
<noscript>
<div class="global-site-notice noscript">
<div class="notice-inner">
<p>
<strong>JavaScript scheint in Ihrem Browser deaktiviert zu sein.</strong><br />
Sie müssen JavaScript in Ihrem Browser aktivieren, um alle Funktionen in diesem Shop nutzen zu können. </p>
</div>
</div>
</noscript>
<div class="page">
<div class="header-container" id="top">
<div class="header-container2">
<div class="header-container3">
<div class="header-top-container">
<div class="header-top header container clearer">
<div class="grid-full">
<div class="item item-left hide-below-960">
<p class="welcome-msg"> </p>
</div>
</div> <!-- end: grid-full -->
</div> <!-- end: header-top -->
</div> <!-- end: header-top-container -->
<div class="header-primary-container">
<div class="header-primary header container">
<div class="grid-full">
<div class="header-main v-grid-container">
<div class="logo-wrapper v-grid grid12-4">
<h1 class="logo"><strong>Essbarelandschaften</strong>
<a href="https://www.essbare-landschaften.de/" title="Essbarelandschaften">
<img style="width:140px; max-width: 100%;" src="https://www.essbare-landschaften.de/skin/frontend/ultimo/essbarelandschaften/images/el_logo.svg" alt="Essbarelandschaften">
</a>
</h1>
</div>
<div class="search-wrapper-centered clearer v-grid grid12-4 search-wrapper search-wrapper-mobile">
<form id="search_mini_form" action="https://www.essbare-landschaften.de/catalogsearch/result/" method="get">
<div class="form-search">
<label for="search">Suche:</label>
<input id="search" type="text" name="q" value="" class="input-text" maxlength="128" autocomplete="off">
<button type="submit" title="Suche" class="button"><span><span>Suche</span></span></button>
<div id="search_autocomplete" class="search-autocomplete" style="display: none;"></div>
</div>
</form>
</div>
<div class="user-menu clearer v-grid grid12-4">
<div id="mini-cart" class="dropdown">
<div class="dropdown-toggle cover" title="Sie haben keine Artikel im Warenkorb.">
<div class="feature-icon-hover">
<span class="first close-to-text icon i-cart force-no-bg-color">&nbsp;</span>
<div class="hide-below-960">Warenkorb</div>
<div class="empty"><span class="price">0,00&nbsp;€</span></div>
<span class="caret">&nbsp;</span>
</div> <!-- end: dropdown-toggle > div -->
</div> <!-- end: dropdown-toggle -->
<div class="dropdown-menu left-hand block">
<div class="block-content-inner">
<div class="block_mini_cart_above_products"><!--<div style="padding:15px; background-color:#f5f5f5; color:#d90000;" title="Customizable CMS block for promo info">
<a class="go" href="https://www.essbare-landschaften.de/">Check our latest super promotions!</a>
</div>--></div>
<div class="empty">Sie haben keine Artikel im Warenkorb.</div>
</div> <!-- end: block-content-inner -->
</div> <!-- end: dropdown-menu -->
</div> <!-- end: mini-cart -->
<div class="top-links links-wrapper-separators-left">
<ul class="links">
<li class="first"><a href="https://www.essbare-landschaften.de/customer/account/" title="Benutzerkonto">Benutzerkonto</a></li>
<li><a href="https://www.essbare-landschaften.de/checkout/" title="Zur Kasse" class="top-link-checkout">Zur Kasse</a></li>
<li><a href="https://www.essbare-landschaften.de/customer/account/login/" title="Anmelden">Anmelden</a></li>
<li class=" last" id="link-sign-up"><a href="https://www.essbare-landschaften.de/customer/account/create/" title="Registrieren">Registrieren</a></li>
</ul>
</div> <!-- end: top-links -->
</div> <!-- end: user-menu -->
</div> <!-- end: v-grid-container -->
</div> <!-- end: grid-full -->
</div> <!-- end: header-primary -->
</div> <!-- end: header-primary-container -->
<div class="nav-container">
<div class="nav container clearer show-bg">
<div id="mobnav" class="grid-full" style="display: none;">
<a id="mobnav-trigger" href="">
<span class="trigger-icon"><span class="line"></span><span class="line"></span><span class="line"></span></span>
<span>Menü</span>
</a>
</div>
<ul class="accordion vertnav vertnav-top grid-full">
<li class="level0 nav-1 level-top first parent">
<a href="https://www.essbare-landschaften.de/fleisch.html" class="level-top">
<span>Fleisch</span>
</a>
<span class="opener">&nbsp;</span>
<ul class="level0" style="display: none;">
<li class="level1 nav-1-1 first parent">
<a href="https://www.essbare-landschaften.de/fleisch/angler-ochse.html">
<span>Angler Ochse</span>
</a>
<span class="opener">&nbsp;</span>
<ul class="level1" style="display: none;">
<li class="level2 nav-1-1-1 first">
<a href="https://www.essbare-landschaften.de/fleisch/angler-ochse/zum-kurzbraten.html">
<span>Zum Kurzbraten</span>
</a>
</li><li class="level2 nav-1-1-2">
<a href="https://www.essbare-landschaften.de/fleisch/angler-ochse/zum-schmoren-und-kochen.html">
<span>Zum Schmoren und Kochen</span>
</a>
</li><li class="level2 nav-1-1-3 last">
<a href="https://www.essbare-landschaften.de/fleisch/angler-ochse/weiteres.html">
<span>Weiteres</span>
</a>
</li>
</ul>
</li><li class="level1 nav-1-2">
<a href="https://www.essbare-landschaften.de/fleisch/spanferkel-wollschweinkreuzung.html">
<span>Spanferkel</span>
</a>
</li><li class="level1 nav-1-3 parent">
<a href="https://www.essbare-landschaften.de/fleisch/turopolje-schwein.html">
<span>Turopolje-Schwein</span>
</a>
<span class="opener">&nbsp;</span>
<ul class="level1" style="display: none;">
<li class="level2 nav-1-3-4 first">
<a href="https://www.essbare-landschaften.de/fleisch/turopolje-schwein/zum-kurzbraten.html">
<span>Zum Kurzbraten</span>
</a>
</li><li class="level2 nav-1-3-5">
<a href="https://www.essbare-landschaften.de/fleisch/turopolje-schwein/zum-schmoren-kochen.html">
<span>Zum Schmoren &amp; Kochen</span>
</a>
</li><li class="level2 nav-1-3-6 last">
<a href="https://www.essbare-landschaften.de/fleisch/turopolje-schwein/weiteres.html">
<span>Weiteres</span>
</a>
</li>
</ul>
</li><li class="level1 nav-1-4 parent">
<a href="https://www.essbare-landschaften.de/fleisch/galloway-ochsen.html">
<span>Galloway-Ochse</span>
</a>
<span class="opener">&nbsp;</span>
<ul class="level1" style="display: none;">
<li class="level2 nav-1-4-7 first">
<a href="https://www.essbare-landschaften.de/fleisch/galloway-ochsen/zum-kurzbraten.html">
<span>Zum Kurzbraten</span>
</a>
</li><li class="level2 nav-1-4-8">
<a href="https://www.essbare-landschaften.de/fleisch/galloway-ochsen/zum-schmoren-und-kochen.html">
<span>Zum Schmoren und Kochen</span>
</a>
</li><li class="level2 nav-1-4-9 last">
<a href="https://www.essbare-landschaften.de/fleisch/galloway-ochsen/weiteres.html">
<span>Weiteres</span>
</a>
</li>
</ul>
</li><li class="level1 nav-1-5 parent">
<a href="https://www.essbare-landschaften.de/fleisch/mangalitza-wollschwein.html">
<span>Mangalitza-Wollschwein</span>
</a>
<span class="opener">&nbsp;</span>
<ul class="level1" style="display: none;">
<li class="level2 nav-1-5-10 first">
<a href="https://www.essbare-landschaften.de/fleisch/mangalitza-wollschwein/zum-kurzbraten.html">
<span>Zum Kurzbraten</span>
</a>
</li><li class="level2 nav-1-5-11">
<a href="https://www.essbare-landschaften.de/fleisch/mangalitza-wollschwein/zum-schmoren-und-kochen.html">
<span>Zum Schmoren und Kochen</span>
</a>
</li><li class="level2 nav-1-5-12 last">
<a href="https://www.essbare-landschaften.de/fleisch/mangalitza-wollschwein/weiteres.html">
<span>Weiteres</span>
</a>
</li>
</ul>
</li><li class="level1 nav-1-6 parent">
<a href="https://www.essbare-landschaften.de/fleisch/bentheimer-landschaf.html">
<span>Bentheimer Landschaf</span>
</a>
<span class="opener">&nbsp;</span>
<ul class="level1" style="display: none;">
<li class="level2 nav-1-6-13 first">
<a href="https://www.essbare-landschaften.de/fleisch/bentheimer-landschaf/zum-kurzbraten.html">
<span>Zum Kurzbraten</span>
</a>
</li><li class="level2 nav-1-6-14">
<a href="https://www.essbare-landschaften.de/fleisch/bentheimer-landschaf/zum-schmoren-kochen.html">
<span>Zum Schmoren &amp; Kochen</span>
</a>
</li><li class="level2 nav-1-6-15 last">
<a href="https://www.essbare-landschaften.de/fleisch/bentheimer-landschaf/weiteres.html">
<span>Weiteres</span>
</a>
</li>
</ul>
</li><li class="level1 nav-1-7 parent">
<a href="https://www.essbare-landschaften.de/fleisch/rotbuntes-husumer-schwein.html">
<span>Rotbuntes Husumer Schwein</span>
</a>
<span class="opener">&nbsp;</span>
<ul class="level1" style="display: none;">
<li class="level2 nav-1-7-16 first">
<a href="https://www.essbare-landschaften.de/fleisch/rotbuntes-husumer-schwein/zum-kurzbraten.html">
<span>Zum Kurzbraten</span>
</a>
</li><li class="level2 nav-1-7-17">
<a href="https://www.essbare-landschaften.de/fleisch/rotbuntes-husumer-schwein/zum-schmoren-kochen.html">
<span>Zum Schmoren &amp; Kochen</span>
</a>
</li><li class="level2 nav-1-7-18 last">
<a href="https://www.essbare-landschaften.de/fleisch/rotbuntes-husumer-schwein/weiteres.html">
<span>Weiteres</span>
</a>
</li>
</ul>
</li><li class="level1 nav-1-8 parent">
<a href="https://www.essbare-landschaften.de/fleisch/dry-aged-beef-galloway.html">
<span>Premium Dry Aged Beef</span>
</a>
<span class="opener">&nbsp;</span>
<ul class="level1" style="display: none;">
<li class="level2 nav-1-8-19 first">
<a href="https://www.essbare-landschaften.de/fleisch/dry-aged-beef-galloway/zum-kurzbraten.html">
<span>Zum Kurzbraten</span>
</a>
</li><li class="level2 nav-1-8-20 last">
<a href="https://www.essbare-landschaften.de/fleisch/dry-aged-beef-galloway/zum-schmoren-und-kochen.html">
<span>Zum Schmoren und Kochen</span>
</a>
</li>
</ul>
</li><li class="level1 nav-1-9 parent">
<a href="https://www.essbare-landschaften.de/fleisch/kalbfleisch.html">
<span>Kalbfleisch aus Mutterkuhhaltung</span>
</a>
<span class="opener">&nbsp;</span>
<ul class="level1" style="display: none;">
<li class="level2 nav-1-9-21 first">
<a href="https://www.essbare-landschaften.de/fleisch/kalbfleisch/zum-kurzbraten.html">
<span>Zum Kurzbraten</span>
</a>
</li><li class="level2 nav-1-9-22">
<a href="https://www.essbare-landschaften.de/fleisch/kalbfleisch/schmoren-und-kochen.html">
<span>Zum Schmoren und Kochen</span>
</a>
</li><li class="level2 nav-1-9-23">
<a href="https://www.essbare-landschaften.de/fleisch/kalbfleisch/weiteres.html">
<span>Weiteres</span>
</a>
</li><li class="level2 nav-1-9-24 last">
<a href="https://www.essbare-landschaften.de/fleisch/kalbfleisch/innereien.html">
<span>Innereien</span>
</a>
</li>
</ul>
</li><li class="level1 nav-1-10 parent">
<a href="https://www.essbare-landschaften.de/fleisch/wollschweinkreuzung.html">
<span>Mangalitza-Duroc Kreuzung</span>
</a>
<span class="opener">&nbsp;</span>
<ul class="level1" style="display: none;">
<li class="level2 nav-1-10-25 first">
<a href="https://www.essbare-landschaften.de/fleisch/wollschweinkreuzung/zum-kurzbraten.html">
<span>Zum Kurzbraten</span>
</a>
</li><li class="level2 nav-1-10-26">
<a href="https://www.essbare-landschaften.de/fleisch/wollschweinkreuzung/zum-schmoren-und-kochen.html">
<span>Zum Schmoren und Kochen</span>
</a>
</li><li class="level2 nav-1-10-27">
<a href="https://www.essbare-landschaften.de/fleisch/wollschweinkreuzung/weiteres.html">
<span>Weiteres</span>
</a>
</li><li class="level2 nav-1-10-28 last">
<a href="https://www.essbare-landschaften.de/fleisch/wollschweinkreuzung/speck.html">
<span>Speck</span>
</a>
</li>
</ul>
</li><li class="level1 nav-1-11 parent">
<a href="https://www.essbare-landschaften.de/fleisch/deutsches-shorthorn.html">
<span>Deutsches Shorthorn</span>
</a>
<span class="opener">&nbsp;</span>
<ul class="level1" style="display: none;">
<li class="level2 nav-1-11-29 first">
<a href="https://www.essbare-landschaften.de/fleisch/deutsches-shorthorn/zum-kurzbraten.html">
<span>Zum Kurzbraten</span>
</a>
</li><li class="level2 nav-1-11-30">
<a href="https://www.essbare-landschaften.de/fleisch/deutsches-shorthorn/zum-schmoren-und-kochen.html">
<span>Zum Schmoren und Kochen</span>
</a>
</li><li class="level2 nav-1-11-31 last">
<a href="https://www.essbare-landschaften.de/fleisch/deutsches-shorthorn/sonstiges.html">
<span>Sonstiges</span>
</a>
</li>
</ul>
</li><li class="level1 nav-1-12 parent">
<a href="https://www.essbare-landschaften.de/fleisch/englisches-parkrind.html">
<span>Englisches Parkrind</span>
</a>
<span class="opener">&nbsp;</span>
<ul class="level1" style="display: none;">
<li class="level2 nav-1-12-32 first">
<a href="https://www.essbare-landschaften.de/fleisch/englisches-parkrind/zum-kurzbraten.html">
<span>Zum Kurzbraten</span>
</a>
</li><li class="level2 nav-1-12-33">
<a href="https://www.essbare-landschaften.de/fleisch/englisches-parkrind/zum-braten-schmoren.html">
<span>Zum Schmoren &amp; Kochen</span>
</a>
</li><li class="level2 nav-1-12-34 last">
<a href="https://www.essbare-landschaften.de/fleisch/englisches-parkrind/weiteres.html">
<span>Weiteres</span>
</a>
</li>
</ul>
</li><li class="level1 nav-1-13 parent">
<a href="https://www.essbare-landschaften.de/fleisch/altdeutsches-schwarzbuntes-niederungsrind.html">
<span>Altdeutsches Schwarzbuntes Niederungsrind</span>
</a>
<span class="opener">&nbsp;</span>
<ul class="level1" style="display: none;">
<li class="level2 nav-1-13-35 first">
<a href="https://www.essbare-landschaften.de/fleisch/altdeutsches-schwarzbuntes-niederungsrind/zum-kurzbraten.html">
<span>Zum Kurzbraten</span>
</a>
</li><li class="level2 nav-1-13-36">
<a href="https://www.essbare-landschaften.de/fleisch/altdeutsches-schwarzbuntes-niederungsrind/zum-schmoren-kochen.html">
<span>Zum Schmoren &amp; Kochen</span>
</a>
</li><li class="level2 nav-1-13-37">
<a href="https://www.essbare-landschaften.de/fleisch/altdeutsches-schwarzbuntes-niederungsrind/weiteres.html">
<span>Weiteres</span>
</a>
</li><li class="level2 nav-1-13-38 last">
<a href="https://www.essbare-landschaften.de/fleisch/altdeutsches-schwarzbuntes-niederungsrind/innereien.html">
<span>Innereien</span>
</a>
</li>
</ul>
</li><li class="level1 nav-1-14 parent">
<a href="https://www.essbare-landschaften.de/fleisch/hereford.html">
<span>Hereford-Rind</span>
</a>
<span class="opener">&nbsp;</span>
<ul class="level1" style="display: none;">
<li class="level2 nav-1-14-39 first">
<a href="https://www.essbare-landschaften.de/fleisch/hereford/zum-kurzbraten.html">
<span>Zum Kurzbraten</span>
</a>
</li><li class="level2 nav-1-14-40">
<a href="https://www.essbare-landschaften.de/fleisch/hereford/zum-schmoren-und-kochen.html">
<span>Zum Schmoren und Kochen</span>
</a>
</li><li class="level2 nav-1-14-41 last">
<a href="https://www.essbare-landschaften.de/fleisch/hereford/weiteres.html">
<span>Weiteres</span>
</a>
</li>
</ul>
</li><li class="level1 nav-1-15 parent">
<a href="https://www.essbare-landschaften.de/fleisch/aberdeen-angus.html">
<span>Aberdeen-Angus-Rind</span>
</a>
<span class="opener">&nbsp;</span>
<ul class="level1" style="display: none;">
<li class="level2 nav-1-15-42 first">
<a href="https://www.essbare-landschaften.de/fleisch/aberdeen-angus/zum-kurzbraten.html">
<span>Zum Kurzbraten</span>
</a>
</li><li class="level2 nav-1-15-43">
<a href="https://www.essbare-landschaften.de/fleisch/aberdeen-angus/zum-schmoren-und-kochen.html">
<span>Zum Schmoren und Kochen</span>
</a>
</li><li class="level2 nav-1-15-44">
<a href="https://www.essbare-landschaften.de/fleisch/aberdeen-angus/sonstiges.html">
<span>Sonstiges</span>
</a>
</li><li class="level2 nav-1-15-45 last">
<a href="https://www.essbare-landschaften.de/fleisch/aberdeen-angus/innereien.html">
<span>Innereien</span>
</a>
</li>
</ul>
</li><li class="level1 nav-1-16 parent">
<a href="https://www.essbare-landschaften.de/fleisch/angler-sattelschwein.html">
<span>Angler Sattelschwein</span>
</a>
<span class="opener">&nbsp;</span>
<ul class="level1" style="display: none;">
<li class="level2 nav-1-16-46 first">
<a href="https://www.essbare-landschaften.de/fleisch/angler-sattelschwein/zum-kurzbraten.html">
<span>Zum Kurzbraten</span>
</a>
</li><li class="level2 nav-1-16-47">
<a href="https://www.essbare-landschaften.de/fleisch/angler-sattelschwein/zum-schmoren-und-kochen.html">
<span>Zum Schmoren und Kochen</span>
</a>
</li><li class="level2 nav-1-16-48 last">
<a href="https://www.essbare-landschaften.de/fleisch/angler-sattelschwein/weiteres.html">
<span>Weiteres</span>
</a>
</li>
</ul>
</li><li class="level1 nav-1-17 parent">
<a href="https://www.essbare-landschaften.de/fleisch/suffolk-texel-lamm.html">
<span>Suffolk-Texel-Lamm</span>
</a>
<span class="opener">&nbsp;</span>
<ul class="level1" style="display: none;">
<li class="level2 nav-1-17-49 first">
<a href="https://www.essbare-landschaften.de/fleisch/suffolk-texel-lamm/zum-kurzbraten.html">
<span>Zum Kurzbraten</span>
</a>
</li><li class="level2 nav-1-17-50">
<a href="https://www.essbare-landschaften.de/fleisch/suffolk-texel-lamm/zum-schmoren-und-kochen.html">
<span>Zum Schmoren und Kochen</span>
</a>
</li><li class="level2 nav-1-17-51">
<a href="https://www.essbare-landschaften.de/fleisch/suffolk-texel-lamm/sonstiges.html">
<span>Sonstiges</span>
</a>
</li><li class="level2 nav-1-17-52 last">
<a href="https://www.essbare-landschaften.de/fleisch/suffolk-texel-lamm/innereien.html">
<span>Innereien</span>
</a>
</li>
</ul>
</li><li class="level1 nav-1-18 parent">
<a href="https://www.essbare-landschaften.de/fleisch/pustertaler-rind.html">
<span>Pustertaler Rind</span>
</a>
<span class="opener">&nbsp;</span>
<ul class="level1" style="display: none;">
<li class="level2 nav-1-18-53 first">
<a href="https://www.essbare-landschaften.de/fleisch/pustertaler-rind/zum-kurzbraten.html">
<span>Zum Kurzbraten</span>
</a>
</li><li class="level2 nav-1-18-54">
<a href="https://www.essbare-landschaften.de/fleisch/pustertaler-rind/zum-schmoren-und-kochen.html">
<span>Zum Schmoren und Kochen</span>
</a>
</li><li class="level2 nav-1-18-55">
<a href="https://www.essbare-landschaften.de/fleisch/pustertaler-rind/weiteres.html">
<span>Weiteres</span>
</a>
</li><li class="level2 nav-1-18-56 last">
<a href="https://www.essbare-landschaften.de/fleisch/pustertaler-rind/innereien.html">
<span>Innereien</span>
</a>
</li>
</ul>
</li><li class="level1 nav-1-19 parent">
<a href="https://www.essbare-landschaften.de/fleisch/welsh-black.html">
<span>Welsh-Black-Rind</span>
</a>
<span class="opener">&nbsp;</span>
<ul class="level1" style="display: none;">
<li class="level2 nav-1-19-57 first">
<a href="https://www.essbare-landschaften.de/fleisch/welsh-black/zum-kurzbraten.html">
<span>Zum Kurzbraten</span>
</a>
</li><li class="level2 nav-1-19-58">
<a href="https://www.essbare-landschaften.de/fleisch/welsh-black/zum-schmoren-und-kochen.html">
<span>Zum Schmoren &amp; Kochen</span>
</a>
</li><li class="level2 nav-1-19-59">
<a href="https://www.essbare-landschaften.de/fleisch/welsh-black/weiteres.html">
<span>Weiteres</span>
</a>
</li><li class="level2 nav-1-19-60 last">
<a href="https://www.essbare-landschaften.de/fleisch/welsh-black/innereien.html">
<span>Innereien</span>
</a>
</li>
</ul>
</li><li class="level1 nav-1-20 parent">
<a href="https://www.essbare-landschaften.de/fleisch/bunte-bentheimer-schwein.html">
<span>Buntes Bentheimer Schwein</span>
</a>
<span class="opener">&nbsp;</span>
<ul class="level1" style="display: none;">
<li class="level2 nav-1-20-61 first">
<a href="https://www.essbare-landschaften.de/fleisch/bunte-bentheimer-schwein/zum-kurzbraten.html">
<span>Zum Kurzbraten</span>
</a>
</li><li class="level2 nav-1-20-62">
<a href="https://www.essbare-landschaften.de/fleisch/bunte-bentheimer-schwein/zum-schmoren-und-kochen.html">
<span>Zum Schmoren und Kochen</span>
</a>
</li><li class="level2 nav-1-20-63 last">
<a href="https://www.essbare-landschaften.de/fleisch/bunte-bentheimer-schwein/weiteres.html">
<span>Weiteres</span>
</a>
</li>
</ul>
</li><li class="level1 nav-1-21 parent">
<a href="https://www.essbare-landschaften.de/fleisch/murnau-werdenfelser.html">
<span>Murnau-Werdenfelser Rind</span>
</a>
<span class="opener">&nbsp;</span>
<ul class="level1" style="display: none;">
<li class="level2 nav-1-21-64 first">
<a href="https://www.essbare-landschaften.de/fleisch/murnau-werdenfelser/zum-kurzbraten.html">
<span>Zum Kurzbraten</span>
</a>
</li><li class="level2 nav-1-21-65">
<a href="https://www.essbare-landschaften.de/fleisch/murnau-werdenfelser/zum-schmoren.html">
<span>Zum Schmoren und Kochen</span>
</a>
</li><li class="level2 nav-1-21-66 last">
<a href="https://www.essbare-landschaften.de/fleisch/murnau-werdenfelser/sonstiges.html">
<span>Sonstiges</span>
</a>
</li>
</ul>
</li><li class="level1 nav-1-22 parent">
<a href="https://www.essbare-landschaften.de/fleisch/wagyu-rind.html">
<span>Wagyū-Rind</span>
</a>
<span class="opener">&nbsp;</span>
<ul class="level1" style="display: none;">
<li class="level2 nav-1-22-67 first last">
<a href="https://www.essbare-landschaften.de/fleisch/wagyu-rind/zum-kurzbraten.html">
<span>Zum Kurzbraten</span>
</a>
</li>
</ul>
</li><li class="level1 nav-1-23">
<a href="https://www.essbare-landschaften.de/fleisch/mechelner-huhn.html">
<span>Mechelner Huhn</span>
</a>
</li><li class="level1 nav-1-24">
<a href="https://www.essbare-landschaften.de/fleisch/sachsische-pekingente.html">
<span>Sächsische Pekingente</span>
</a>
</li><li class="level1 nav-1-25">
<a href="https://www.essbare-landschaften.de/fleisch/salers-rind.html">
<span>Salers-Rind</span>
</a>
</li><li class="level1 nav-1-26 last">
<a href="https://www.essbare-landschaften.de/fleisch/zweinutzungshuhn.html">
<span>Zweinutzenhuhn</span>
</a>
</li>
</ul>
</li><li class="level0 nav-2 level-top">
<a href="https://www.essbare-landschaften.de/saisonal.html" class="level-top">
<span>Saisonal</span>
</a>
</li><li class="level0 nav-3 level-top parent">
<a href="https://www.essbare-landschaften.de/haltbare.html" class="level-top">
<span>Haltbar</span>
</a>
<span class="opener">&nbsp;</span>
<ul class="level0" style="display: none;">
<li class="level1 nav-3-1 first">
<a href="https://www.essbare-landschaften.de/haltbare/grundnahrungsmittel.html">
<span>Grundnahrungsmittel</span>
</a>
</li><li class="level1 nav-3-2">
<a href="https://www.essbare-landschaften.de/haltbare/essig-ol.html">
<span>Essig &amp; Öl</span>
</a>
</li><li class="level1 nav-3-3">
<a href="https://www.essbare-landschaften.de/haltbare/sirupe.html">
<span>Sirupe</span>
</a>
</li><li class="level1 nav-3-4">
<a href="https://www.essbare-landschaften.de/haltbare/eingelegtes-konserven.html">
<span>Eingelegtes &amp; Konserven</span>
</a>
</li><li class="level1 nav-3-5">
<a href="https://www.essbare-landschaften.de/haltbare/wurzen.html">
<span>Gewürze</span>
</a>
</li><li class="level1 nav-3-6 parent">
<a href="https://www.essbare-landschaften.de/haltbare/aufstriche.html">
<span>Aufstriche</span>
</a>
<span class="opener">&nbsp;</span>
<ul class="level1" style="display: none;">
<li class="level2 nav-3-6-1 first parent">
<a href="https://www.essbare-landschaften.de/haltbare/aufstriche/fruchtaufstriche.html">
<span>Fruchtaufstriche</span>
</a>
<span class="opener">&nbsp;</span>
<ul class="level2" style="display: none;">
<li class="level3 nav-3-6-1-1 first last">
<a href="https://www.essbare-landschaften.de/haltbare/aufstriche/fruchtaufstriche/burgenlandische-kirschensorten.html">
<span>Burgenländische Kirschensorten</span>
</a>
</li>
</ul>
</li><li class="level2 nav-3-6-2 last">
<a href="https://www.essbare-landschaften.de/haltbare/aufstriche/gemuseaufstriche.html">
<span>Gemüseaufstriche</span>
</a>
</li>
</ul>
</li><li class="level1 nav-3-7">
<a href="https://www.essbare-landschaften.de/haltbare/schinken-und-wurst.html">
<span>Schinken, Wurst &amp; Speck</span>
</a>
</li><li class="level1 nav-3-8 last">
<a href="https://www.essbare-landschaften.de/haltbare/pakete-sets.html">
<span>Pakete &amp; Sets</span>
</a>
</li>
</ul>
</li><li class="level0 nav-4 level-top">
<a href="https://www.essbare-landschaften.de/ueber-uns.html" class="level-top">
<span>Über uns</span>
</a>
</li><li class="level0 nav-5 level-top">
<a href="https://www.essbare-landschaften.de/kuechenhelfer.html" class="level-top">
<span>Küchenhelfer</span>
</a>
</li><li class="level0 nav-6 level-top last">
<a href="https://www.essbare-landschaften.de/buecher.html" class="level-top">
<span>Bücher</span>
</a>
</li>
</ul>
<ul id="nav" class="grid-full classic">
<li class="level0 nav-7 level-top first parent">
<a href="https://www.essbare-landschaften.de/fleisch.html" class="level-top">
<span>Fleisch</span><span class="caret">&nbsp;</span>
</a>
<ul class="level0">
<li class="level1 nav-7-1 first parent">
<a href="https://www.essbare-landschaften.de/fleisch/angler-ochse.html">
<span>Angler Ochse</span>
</a>
<ul class="level1">
<li class="level2 nav-7-1-1 first">
<a href="https://www.essbare-landschaften.de/fleisch/angler-ochse/zum-kurzbraten.html">
<span>Zum Kurzbraten</span>
</a>
</li><li class="level2 nav-7-1-2">
<a href="https://www.essbare-landschaften.de/fleisch/angler-ochse/zum-schmoren-und-kochen.html">
<span>Zum Schmoren und Kochen</span>
</a>
</li><li class="level2 nav-7-1-3 last">
<a href="https://www.essbare-landschaften.de/fleisch/angler-ochse/weiteres.html">
<span>Weiteres</span>
</a>
</li>
</ul>
</li><li class="level1 nav-7-2">
<a href="https://www.essbare-landschaften.de/fleisch/spanferkel-wollschweinkreuzung.html">
<span>Spanferkel</span>
</a>
</li><li class="level1 nav-7-3 parent">
<a href="https://www.essbare-landschaften.de/fleisch/turopolje-schwein.html">
<span>Turopolje-Schwein</span>
</a>
<ul class="level1">
<li class="level2 nav-7-3-4 first">
<a href="https://www.essbare-landschaften.de/fleisch/turopolje-schwein/zum-kurzbraten.html">
<span>Zum Kurzbraten</span>
</a>
</li><li class="level2 nav-7-3-5">
<a href="https://www.essbare-landschaften.de/fleisch/turopolje-schwein/zum-schmoren-kochen.html">
<span>Zum Schmoren &amp; Kochen</span>
</a>
</li><li class="level2 nav-7-3-6 last">
<a href="https://www.essbare-landschaften.de/fleisch/turopolje-schwein/weiteres.html">
<span>Weiteres</span>
</a>
</li>
</ul>
</li><li class="level1 nav-7-4 parent">
<a href="https://www.essbare-landschaften.de/fleisch/galloway-ochsen.html">
<span>Galloway-Ochse</span>
</a>
<ul class="level1">
<li class="level2 nav-7-4-7 first">
<a href="https://www.essbare-landschaften.de/fleisch/galloway-ochsen/zum-kurzbraten.html">
<span>Zum Kurzbraten</span>
</a>
</li><li class="level2 nav-7-4-8">
<a href="https://www.essbare-landschaften.de/fleisch/galloway-ochsen/zum-schmoren-und-kochen.html">
<span>Zum Schmoren und Kochen</span>
</a>
</li><li class="level2 nav-7-4-9 last">
<a href="https://www.essbare-landschaften.de/fleisch/galloway-ochsen/weiteres.html">
<span>Weiteres</span>
</a>
</li>
</ul>
</li><li class="level1 nav-7-5 parent">
<a href="https://www.essbare-landschaften.de/fleisch/mangalitza-wollschwein.html">
<span>Mangalitza-Wollschwein</span>
</a>
<ul class="level1">
<li class="level2 nav-7-5-10 first">
<a href="https://www.essbare-landschaften.de/fleisch/mangalitza-wollschwein/zum-kurzbraten.html">
<span>Zum Kurzbraten</span>
</a>
</li><li class="level2 nav-7-5-11">
<a href="https://www.essbare-landschaften.de/fleisch/mangalitza-wollschwein/zum-schmoren-und-kochen.html">
<span>Zum Schmoren und Kochen</span>
</a>
</li><li class="level2 nav-7-5-12 last">
<a href="https://www.essbare-landschaften.de/fleisch/mangalitza-wollschwein/weiteres.html">
<span>Weiteres</span>
</a>
</li>
</ul>
</li><li class="level1 nav-7-6 parent">
<a href="https://www.essbare-landschaften.de/fleisch/bentheimer-landschaf.html">
<span>Bentheimer Landschaf</span>
</a>
<ul class="level1">
<li class="level2 nav-7-6-13 first">
<a href="https://www.essbare-landschaften.de/fleisch/bentheimer-landschaf/zum-kurzbraten.html">
<span>Zum Kurzbraten</span>
</a>
</li><li class="level2 nav-7-6-14">
<a href="https://www.essbare-landschaften.de/fleisch/bentheimer-landschaf/zum-schmoren-kochen.html">
<span>Zum Schmoren &amp; Kochen</span>
</a>
</li><li class="level2 nav-7-6-15 last">
<a href="https://www.essbare-landschaften.de/fleisch/bentheimer-landschaf/weiteres.html">
<span>Weiteres</span>
</a>
</li>
</ul>
</li><li class="level1 nav-7-7 parent">
<a href="https://www.essbare-landschaften.de/fleisch/rotbuntes-husumer-schwein.html">
<span>Rotbuntes Husumer Schwein</span>
</a>
<ul class="level1">
<li class="level2 nav-7-7-16 first">
<a href="https://www.essbare-landschaften.de/fleisch/rotbuntes-husumer-schwein/zum-kurzbraten.html">
<span>Zum Kurzbraten</span>
</a>
</li><li class="level2 nav-7-7-17">
<a href="https://www.essbare-landschaften.de/fleisch/rotbuntes-husumer-schwein/zum-schmoren-kochen.html">
<span>Zum Schmoren &amp; Kochen</span>
</a>
</li><li class="level2 nav-7-7-18 last">
<a href="https://www.essbare-landschaften.de/fleisch/rotbuntes-husumer-schwein/weiteres.html">
<span>Weiteres</span>
</a>
</li>
</ul>
</li><li class="level1 nav-7-8 parent">
<a href="https://www.essbare-landschaften.de/fleisch/dry-aged-beef-galloway.html">
<span>Premium Dry Aged Beef</span>
</a>
<ul class="level1">
<li class="level2 nav-7-8-19 first">
<a href="https://www.essbare-landschaften.de/fleisch/dry-aged-beef-galloway/zum-kurzbraten.html">
<span>Zum Kurzbraten</span>
</a>
</li><li class="level2 nav-7-8-20 last">
<a href="https://www.essbare-landschaften.de/fleisch/dry-aged-beef-galloway/zum-schmoren-und-kochen.html">
<span>Zum Schmoren und Kochen</span>
</a>
</li>
</ul>
</li><li class="level1 nav-7-9 parent">
<a href="https://www.essbare-landschaften.de/fleisch/kalbfleisch.html">
<span>Kalbfleisch aus Mutterkuhhaltung</span>
</a>
<ul class="level1">
<li class="level2 nav-7-9-21 first">
<a href="https://www.essbare-landschaften.de/fleisch/kalbfleisch/zum-kurzbraten.html">
<span>Zum Kurzbraten</span>
</a>
</li><li class="level2 nav-7-9-22">
<a href="https://www.essbare-landschaften.de/fleisch/kalbfleisch/schmoren-und-kochen.html">
<span>Zum Schmoren und Kochen</span>
</a>
</li><li class="level2 nav-7-9-23">
<a href="https://www.essbare-landschaften.de/fleisch/kalbfleisch/weiteres.html">
<span>Weiteres</span>
</a>
</li><li class="level2 nav-7-9-24 last">
<a href="https://www.essbare-landschaften.de/fleisch/kalbfleisch/innereien.html">
<span>Innereien</span>
</a>
</li>
</ul>
</li><li class="level1 nav-7-10 parent">
<a href="https://www.essbare-landschaften.de/fleisch/wollschweinkreuzung.html">
<span>Mangalitza-Duroc Kreuzung</span>
</a>
<ul class="level1">
<li class="level2 nav-7-10-25 first">
<a href="https://www.essbare-landschaften.de/fleisch/wollschweinkreuzung/zum-kurzbraten.html">
<span>Zum Kurzbraten</span>
</a>
</li><li class="level2 nav-7-10-26">
<a href="https://www.essbare-landschaften.de/fleisch/wollschweinkreuzung/zum-schmoren-und-kochen.html">
<span>Zum Schmoren und Kochen</span>
</a>
</li><li class="level2 nav-7-10-27">
<a href="https://www.essbare-landschaften.de/fleisch/wollschweinkreuzung/weiteres.html">
<span>Weiteres</span>
</a>
</li><li class="level2 nav-7-10-28 last">
<a href="https://www.essbare-landschaften.de/fleisch/wollschweinkreuzung/speck.html">
<span>Speck</span>
</a>
</li>
</ul>
</li><li class="level1 nav-7-11 parent">
<a href="https://www.essbare-landschaften.de/fleisch/deutsches-shorthorn.html">
<span>Deutsches Shorthorn</span>
</a>
<ul class="level1">
<li class="level2 nav-7-11-29 first">
<a href="https://www.essbare-landschaften.de/fleisch/deutsches-shorthorn/zum-kurzbraten.html">
<span>Zum Kurzbraten</span>
</a>
</li><li class="level2 nav-7-11-30">
<a href="https://www.essbare-landschaften.de/fleisch/deutsches-shorthorn/zum-schmoren-und-kochen.html">
<span>Zum Schmoren und Kochen</span>
</a>
</li><li class="level2 nav-7-11-31 last">
<a href="https://www.essbare-landschaften.de/fleisch/deutsches-shorthorn/sonstiges.html">
<span>Sonstiges</span>
</a>
</li>
</ul>
</li><li class="level1 nav-7-12 parent">
<a href="https://www.essbare-landschaften.de/fleisch/englisches-parkrind.html">
<span>Englisches Parkrind</span>
</a>
<ul class="level1">
<li class="level2 nav-7-12-32 first">
<a href="https://www.essbare-landschaften.de/fleisch/englisches-parkrind/zum-kurzbraten.html">
<span>Zum Kurzbraten</span>
</a>
</li><li class="level2 nav-7-12-33">
<a href="https://www.essbare-landschaften.de/fleisch/englisches-parkrind/zum-braten-schmoren.html">
<span>Zum Schmoren &amp; Kochen</span>
</a>
</li><li class="level2 nav-7-12-34 last">
<a href="https://www.essbare-landschaften.de/fleisch/englisches-parkrind/weiteres.html">
<span>Weiteres</span>
</a>
</li>
</ul>
</li><li class="level1 nav-7-13 parent">
<a href="https://www.essbare-landschaften.de/fleisch/altdeutsches-schwarzbuntes-niederungsrind.html">
<span>Altdeutsches Schwarzbuntes Niederungsrind</span>
</a>
<ul class="level1">
<li class="level2 nav-7-13-35 first">
<a href="https://www.essbare-landschaften.de/fleisch/altdeutsches-schwarzbuntes-niederungsrind/zum-kurzbraten.html">
<span>Zum Kurzbraten</span>
</a>
</li><li class="level2 nav-7-13-36">
<a href="https://www.essbare-landschaften.de/fleisch/altdeutsches-schwarzbuntes-niederungsrind/zum-schmoren-kochen.html">
<span>Zum Schmoren &amp; Kochen</span>
</a>
</li><li class="level2 nav-7-13-37">
<a href="https://www.essbare-landschaften.de/fleisch/altdeutsches-schwarzbuntes-niederungsrind/weiteres.html">
<span>Weiteres</span>
</a>
</li><li class="level2 nav-7-13-38 last">
<a href="https://www.essbare-landschaften.de/fleisch/altdeutsches-schwarzbuntes-niederungsrind/innereien.html">
<span>Innereien</span>
</a>
</li>
</ul>
</li><li class="level1 nav-7-14 parent">
<a href="https://www.essbare-landschaften.de/fleisch/hereford.html">
<span>Hereford-Rind</span>
</a>
<ul class="level1">
<li class="level2 nav-7-14-39 first">
<a href="https://www.essbare-landschaften.de/fleisch/hereford/zum-kurzbraten.html">
<span>Zum Kurzbraten</span>
</a>
</li><li class="level2 nav-7-14-40">
<a href="https://www.essbare-landschaften.de/fleisch/hereford/zum-schmoren-und-kochen.html">
<span>Zum Schmoren und Kochen</span>
</a>
</li><li class="level2 nav-7-14-41 last">
<a href="https://www.essbare-landschaften.de/fleisch/hereford/weiteres.html">
<span>Weiteres</span>
</a>
</li>
</ul>
</li><li class="level1 nav-7-15 parent">
<a href="https://www.essbare-landschaften.de/fleisch/aberdeen-angus.html">
<span>Aberdeen-Angus-Rind</span>
</a>
<ul class="level1">
<li class="level2 nav-7-15-42 first">
<a href="https://www.essbare-landschaften.de/fleisch/aberdeen-angus/zum-kurzbraten.html">
<span>Zum Kurzbraten</span>
</a>
</li><li class="level2 nav-7-15-43">
<a href="https://www.essbare-landschaften.de/fleisch/aberdeen-angus/zum-schmoren-und-kochen.html">
<span>Zum Schmoren und Kochen</span>
</a>
</li><li class="level2 nav-7-15-44">
<a href="https://www.essbare-landschaften.de/fleisch/aberdeen-angus/sonstiges.html">
<span>Sonstiges</span>
</a>
</li><li class="level2 nav-7-15-45 last">
<a href="https://www.essbare-landschaften.de/fleisch/aberdeen-angus/innereien.html">
<span>Innereien</span>
</a>
</li>
</ul>
</li><li class="level1 nav-7-16 parent">
<a href="https://www.essbare-landschaften.de/fleisch/angler-sattelschwein.html">
<span>Angler Sattelschwein</span>
</a>
<ul class="level1">
<li class="level2 nav-7-16-46 first">
<a href="https://www.essbare-landschaften.de/fleisch/angler-sattelschwein/zum-kurzbraten.html">
<span>Zum Kurzbraten</span>
</a>
</li><li class="level2 nav-7-16-47">
<a href="https://www.essbare-landschaften.de/fleisch/angler-sattelschwein/zum-schmoren-und-kochen.html">
<span>Zum Schmoren und Kochen</span>
</a>
</li><li class="level2 nav-7-16-48 last">
<a href="https://www.essbare-landschaften.de/fleisch/angler-sattelschwein/weiteres.html">
<span>Weiteres</span>
</a>
</li>
</ul>
</li><li class="level1 nav-7-17 parent">
<a href="https://www.essbare-landschaften.de/fleisch/suffolk-texel-lamm.html">
<span>Suffolk-Texel-Lamm</span>
</a>
<ul class="level1">
<li class="level2 nav-7-17-49 first">
<a href="https://www.essbare-landschaften.de/fleisch/suffolk-texel-lamm/zum-kurzbraten.html">
<span>Zum Kurzbraten</span>
</a>
</li><li class="level2 nav-7-17-50">
<a href="https://www.essbare-landschaften.de/fleisch/suffolk-texel-lamm/zum-schmoren-und-kochen.html">
<span>Zum Schmoren und Kochen</span>
</a>
</li><li class="level2 nav-7-17-51">
<a href="https://www.essbare-landschaften.de/fleisch/suffolk-texel-lamm/sonstiges.html">
<span>Sonstiges</span>
</a>
</li><li class="level2 nav-7-17-52 last">
<a href="https://www.essbare-landschaften.de/fleisch/suffolk-texel-lamm/innereien.html">
<span>Innereien</span>
</a>
</li>
</ul>
</li><li class="level1 nav-7-18 parent">
<a href="https://www.essbare-landschaften.de/fleisch/pustertaler-rind.html">
<span>Pustertaler Rind</span>
</a>
<ul class="level1">
<li class="level2 nav-7-18-53 first">
<a href="https://www.essbare-landschaften.de/fleisch/pustertaler-rind/zum-kurzbraten.html">
<span>Zum Kurzbraten</span>
</a>
</li><li class="level2 nav-7-18-54">
<a href="https://www.essbare-landschaften.de/fleisch/pustertaler-rind/zum-schmoren-und-kochen.html">
<span>Zum Schmoren und Kochen</span>
</a>
</li><li class="level2 nav-7-18-55">
<a href="https://www.essbare-landschaften.de/fleisch/pustertaler-rind/weiteres.html">
<span>Weiteres</span>
</a>
</li><li class="level2 nav-7-18-56 last">
<a href="https://www.essbare-landschaften.de/fleisch/pustertaler-rind/innereien.html">
<span>Innereien</span>
</a>
</li>
</ul>
</li><li class="level1 nav-7-19 parent">
<a href="https://www.essbare-landschaften.de/fleisch/welsh-black.html">
<span>Welsh-Black-Rind</span>
</a>
<ul class="level1">
<li class="level2 nav-7-19-57 first">
<a href="https://www.essbare-landschaften.de/fleisch/welsh-black/zum-kurzbraten.html">
<span>Zum Kurzbraten</span>
</a>
</li><li class="level2 nav-7-19-58">
<a href="https://www.essbare-landschaften.de/fleisch/welsh-black/zum-schmoren-und-kochen.html">
<span>Zum Schmoren &amp; Kochen</span>
</a>
</li><li class="level2 nav-7-19-59">
<a href="https://www.essbare-landschaften.de/fleisch/welsh-black/weiteres.html">
<span>Weiteres</span>
</a>
</li><li class="level2 nav-7-19-60 last">
<a href="https://www.essbare-landschaften.de/fleisch/welsh-black/innereien.html">
<span>Innereien</span>
</a>
</li>
</ul>
</li><li class="level1 nav-7-20 parent">
<a href="https://www.essbare-landschaften.de/fleisch/bunte-bentheimer-schwein.html">
<span>Buntes Bentheimer Schwein</span>
</a>
<ul class="level1">
<li class="level2 nav-7-20-61 first">
<a href="https://www.essbare-landschaften.de/fleisch/bunte-bentheimer-schwein/zum-kurzbraten.html">
<span>Zum Kurzbraten</span>
</a>
</li><li class="level2 nav-7-20-62">
<a href="https://www.essbare-landschaften.de/fleisch/bunte-bentheimer-schwein/zum-schmoren-und-kochen.html">
<span>Zum Schmoren und Kochen</span>
</a>
</li><li class="level2 nav-7-20-63 last">
<a href="https://www.essbare-landschaften.de/fleisch/bunte-bentheimer-schwein/weiteres.html">
<span>Weiteres</span>
</a>
</li>
</ul>
</li><li class="level1 nav-7-21 parent">
<a href="https://www.essbare-landschaften.de/fleisch/murnau-werdenfelser.html">
<span>Murnau-Werdenfelser Rind</span>
</a>
<ul class="level1">
<li class="level2 nav-7-21-64 first">
<a href="https://www.essbare-landschaften.de/fleisch/murnau-werdenfelser/zum-kurzbraten.html">
<span>Zum Kurzbraten</span>
</a>
</li><li class="level2 nav-7-21-65">
<a href="https://www.essbare-landschaften.de/fleisch/murnau-werdenfelser/zum-schmoren.html">
<span>Zum Schmoren und Kochen</span>
</a>
</li><li class="level2 nav-7-21-66 last">
<a href="https://www.essbare-landschaften.de/fleisch/murnau-werdenfelser/sonstiges.html">
<span>Sonstiges</span>
</a>
</li>
</ul>
</li><li class="level1 nav-7-22 parent">
<a href="https://www.essbare-landschaften.de/fleisch/wagyu-rind.html">
<span>Wagyū-Rind</span>
</a>
<ul class="level1">
<li class="level2 nav-7-22-67 first last">
<a href="https://www.essbare-landschaften.de/fleisch/wagyu-rind/zum-kurzbraten.html">
<span>Zum Kurzbraten</span>
</a>
</li>
</ul>
</li><li class="level1 nav-7-23">
<a href="https://www.essbare-landschaften.de/fleisch/mechelner-huhn.html">
<span>Mechelner Huhn</span>
</a>
</li><li class="level1 nav-7-24">
<a href="https://www.essbare-landschaften.de/fleisch/sachsische-pekingente.html">
<span>Sächsische Pekingente</span>
</a>
</li><li class="level1 nav-7-25">
<a href="https://www.essbare-landschaften.de/fleisch/salers-rind.html">
<span>Salers-Rind</span>
</a>
</li><li class="level1 nav-7-26 last">
<a href="https://www.essbare-landschaften.de/fleisch/zweinutzungshuhn.html">
<span>Zweinutzenhuhn</span>
</a>
</li>
</ul>
</li><li class="level0 nav-8 level-top">
<a href="https://www.essbare-landschaften.de/saisonal.html" class="level-top">
<span>Saisonal</span>
</a>
</li><li class="level0 nav-9 level-top parent">
<a href="https://www.essbare-landschaften.de/haltbare.html" class="level-top">
<span>Haltbar</span><span class="caret">&nbsp;</span>
</a>
<ul class="level0">
<li class="level1 nav-9-1 first">
<a href="https://www.essbare-landschaften.de/haltbare/grundnahrungsmittel.html">
<span>Grundnahrungsmittel</span>
</a>
</li><li class="level1 nav-9-2">
<a href="https://www.essbare-landschaften.de/haltbare/essig-ol.html">
<span>Essig &amp; Öl</span>
</a>
</li><li class="level1 nav-9-3">
<a href="https://www.essbare-landschaften.de/haltbare/sirupe.html">
<span>Sirupe</span>
</a>
</li><li class="level1 nav-9-4">
<a href="https://www.essbare-landschaften.de/haltbare/eingelegtes-konserven.html">
<span>Eingelegtes &amp; Konserven</span>
</a>
</li><li class="level1 nav-9-5">
<a href="https://www.essbare-landschaften.de/haltbare/wurzen.html">
<span>Gewürze</span>
</a>
</li><li class="level1 nav-9-6 parent">
<a href="https://www.essbare-landschaften.de/haltbare/aufstriche.html">
<span>Aufstriche</span>
</a>
<ul class="level1">
<li class="level2 nav-9-6-1 first parent">
<a href="https://www.essbare-landschaften.de/haltbare/aufstriche/fruchtaufstriche.html">
<span>Fruchtaufstriche</span>
</a>
<ul class="level2">
<li class="level3 nav-9-6-1-1 first last">
<a href="https://www.essbare-landschaften.de/haltbare/aufstriche/fruchtaufstriche/burgenlandische-kirschensorten.html">
<span>Burgenländische Kirschensorten</span>
</a>
</li>
</ul>
</li><li class="level2 nav-9-6-2 last">
<a href="https://www.essbare-landschaften.de/haltbare/aufstriche/gemuseaufstriche.html">
<span>Gemüseaufstriche</span>
</a>
</li>
</ul>
</li><li class="level1 nav-9-7">
<a href="https://www.essbare-landschaften.de/haltbare/schinken-und-wurst.html">
<span>Schinken, Wurst &amp; Speck</span>
</a>
</li><li class="level1 nav-9-8 last">
<a href="https://www.essbare-landschaften.de/haltbare/pakete-sets.html">
<span>Pakete &amp; Sets</span>
</a>
</li>
</ul>
</li><li class="level0 nav-10 level-top">
<a href="https://www.essbare-landschaften.de/ueber-uns.html" class="level-top">
<span>Über uns</span>
</a>
</li><li class="level0 nav-11 level-top">
<a href="https://www.essbare-landschaften.de/kuechenhelfer.html" class="level-top">
<span>Küchenhelfer</span>
</a>
</li><li class="level0 nav-12 level-top last">
<a href="https://www.essbare-landschaften.de/buecher.html" class="level-top">
<span>Bücher</span>
</a>
</li>
<li class="nav-custom-link level0 level-top parent right last">
<a class="level-top" href="#"><span>Gut zu wissen</span><span class="caret">&nbsp;</span></a>
<div class="level0-wrapper">
<div class="header-nav-dropdown-wrapper clearer"><div class="grid12-3" style="margin-top:50px;margin-bottom:50px">
<div class="naviSpecialBlock" onclick="window.location = 'https://www.essbare-landschaften.de/versand-sf';">
<h4 class="naviSpecialHeadline">Versand.</h4>
<p class="naviSpecialText">Informationen zum Versand und zur Aufbewahrung der Produkte.</p>
<span class="naviSpecialLink">Lesen Sie mehr</span>
</div>
</div>
<div class="grid12-3" style="margin-top:50px;margin-bottom:50px">
<div class="naviSpecialBlock" onclick="window.location = 'https://www.essbare-landschaften.de/frischebrief/';">
<h4 class="naviSpecialHeadline">Wir informieren Sie über unsere Aktionen:</h4>
<p class="naviSpecialText">Abonnieren Sie den Frischebrief der Essbaren Landschaften, um über aktuelle Termine und die Entwicklung unseres Sortiments informiert zu werden.</p>
<span class="naviSpecialLink">Zur Anmeldung</span>
</div>
</div>
<div class="grid12-3" style="margin-top:50px;margin-bottom:50px">
<div class="naviSpecialBlock" onclick="window.location = 'https://www.essbare-landschaften.de/zubereitung/';">
<h4 class="naviSpecialHeadline">Die wichtigsten Zubereitungshinweise für Rind- und Schweinefleisch.</h4>
<p class="naviSpecialText">Wir haben für Sie einige hilfreiche Hinweise zur Zubereitung der gängigen (und bei uns erhältlichen) Zuschnitte zusammengestellt.</p>
<span class="naviSpecialLink">Lesen Sie mehr</span>
</div>
</div>
<div class="grid12-3" style="margin-top:50px;margin-bottom:50px">
<div class="naviSpecialBlock" onclick="window.location = 'https://www.essbare-landschaften.de/ferien-auf-gut-manhagen';">
<h4 class="naviSpecialHeadline">Ferien auf<br>Gut Manhagen.</h4>
<p class="naviSpecialText">Wir laden Sie ein, Urlaub an einem der schönsten Orte Holsteins zu machen.</p>
<span class="naviSpecialLink">Lesen Sie mehr</span>
</div>
</div>
</div>
</div>
</li>
</ul>
<div id="elNavDisplay">
<span class="elNavDisplayText">Beratung und Bestellannahme:</span><br>
<span class="elNavDisplayNumber"><i class="icon-phone"></i> (02591) 25 90-230</span>
</div> </div> <!-- end: nav -->
</div> <!-- end: nav-container -->
</div> <!-- end: header-container3 -->
</div> <!-- end: header-container2 -->
</div> <!-- end: header-container -->
<div class="main-container col1-layout">
<div class="main-before-top-container"></div>
<div class="main container show-bg">
<div class="preface grid-full in-col1">
<div class="the-slideshow-wrapper-outer">
<div class="the-slideshow-wrapper">
<div class="the-slideshow slider-arrows2 slider-pagination2 pagination-pos-bottom-centered">
<div id="slideshow-f24562dadd33a4d02f4f6e54d8cc2091" class="slides" style="opacity: 0;">
</div> <!-- end: slides -->
</div> <!-- end: the-slideshow -->
</div> <!-- end: the-slideshow-wrapper -->
</div> <!-- end: the-slideshow-wrapper-outer -->
</div>
<div class="col-main grid-full in-col1">
<div class="std"><div class="frischeaktionen__wrap nested-container">
<!--########################### 2 Bentheimer ######################################## -->
<div class="grid12-6 frischeaktion nested-container soon">
<a href="/fleisch/bunte-bentheimer-schwein.html" style="cursor: default;">
<picture>
<source srcset="/media/teaser/bunte-bentheimer-schwein-essbare-landschaften.webp" type="image/webp">
<source srcset="/media/teaser/bunte-bentheimer-schwein-essbare-landschaften.jpeg" type="image/jpeg">
<img src="https://www.essbare-landschaften.de/media/media/teaser/bunte-bentheimer-schwein-essbare-landschaften.jpg" alt="Bentheimer Schwein in Freilandhaltung" height="209" width="352">
</picture><br>
<h4>Fleisch vom <span class="muted">Bunten Bentheimer Schwein.</span>
</h4>
<div class="btn btn-success btn-block">
<i class="icon-chevron-right"></i>
<strong>In Kürze bestellbar!<br>Lieferung am Donnerstag, den 25. April 2024.</strong>
</div>
</a>
</div>
<!--########################### 2 END ######################################## -->
<!--########################### 1 Shorthorn ######################################## -->
<div class="grid12-6 frischeaktion nested-container soon">
<a href="/fleisch/deutsches-shorthorn.html" style="cursor: default;">
<picture>
<source srcset="/media/teaser/deutsches-shorthorn-ochse-essbare-landschaften.webp" type="image/webp">
<source srcset="/media/teaser/deutsches-shorthorn-ochse-essbare-landschaften.jpeg" type="image/jpeg">
<img src="https://www.essbare-landschaften.de/media/teaser/deutsches-shorthorn-ochse-essbare-landschaften.jpg" alt="Das Deutsche Shorthorn" height="209" width="352">
</picture><br>
<h4>Dry Aged Beef vom <span class="muted">Deutschen-Shorthorn-Ochsen.</span><br>
</h4>
<div class="btn btn-success btn-block">
<i class="icon-chevron-right"></i>
<strong>In Kürze bestellbar!<br>Lieferung am Donnerstag, den 25. April 2024.</strong>
</div>
</a>
</div>
<!--########################### 1 END ######################################## -->
</div>
<!-- ############################################ Großer Slidert ################################### -->
<div class="frischeaktionen__wrap nested-container">
<div class="grid12-12">
<div class="the-slideshow-wrapper">
<div class="the-slideshow slider-arrows2 slider-pagination2 pagination-pos-bottom-centered">
<div id="slideshow-23355bc4cd24fcff0143f729a68d5b2d" class="slides owl-carousel owl-theme" style="opacity: 1; display: block;">
<div class="owl-wrapper-outer"><div class="owl-wrapper" style="width: 11760px; left: 0px; display: block; transition: all 0ms ease 0s; transform: translate3d(-1176px, 0px, 0px); transform-origin: 1764px center; perspective-origin: 1764px center;"><div class="owl-item" style="width: 1176px;"><div class="item slide">
<a href="https://www.essbare-landschaften.de/paket-solleone-pasta.html">
<img src="https://www.essbare-landschaften.de/media/wysiwyg/relaunch_2015/home/teaser/solleone-pasta-nudeln-essbare-landschaften.jpg" alt="Pasta Solleone-Sorten">
</a> </div></div><div class="owl-item" style="width: 1176px;"><div class="item slide">
<a href="https://www.essbare-landschaften.de/rispenhirse-von-der-spreewaelder-hirsemuehle-regionaler-anbau-500-g.html">
<img src="https://www.essbare-landschaften.de/media/wysiwyg/relaunch_2015/home/teaser/rispenhirse-hirse-essbare-landschaften.jpg" alt="Die Echte Rispenhirse">
</a> </div></div><div class="owl-item" style="width: 1176px;"><div class="item slide">
<a href="https://www.essbare-landschaften.de/haltbare/wurzen.html">
<img src="https://www.essbare-landschaften.de/media/wysiwyg/relaunch_2015/home/teaser/kraeuter-sorten-pflegerhof-essbare-landschaften.jpg" alt="Küchenkräuter von Pflegerhof">
</a> </div></div><div class="owl-item" style="width: 1176px;"><div class="item slide">
<a href="https://www.essbare-landschaften.de/schraubdeckelglas.html">
<img src="https://www.essbare-landschaften.de/media/wysiwyg/relaunch_2015/home/teaser/gewuertzglas-schraubdeckelglas-essbare-landschaften.jpg" alt="Schraubdeckelglas für Küchenkräuter aufbewahrung">
</a> </div></div><div class="owl-item" style="width: 1176px;"><div class="item slide">
<a href="https://www.essbare-landschaften.de/haltbare/aufstriche.html">
<img src="https://www.essbare-landschaften.de/media/wysiwyg/relaunch_2015/home/teaser/fruchtauftriche-essbare-landschaften.jpg" alt="Fruchtaufstrich aus Italien">
</a> </div></div></div></div>




<div class="owl-controls clickable"><div class="owl-pagination"><div class="owl-page"><span class=""></span></div><div class="owl-page active"><span class=""></span></div><div class="owl-page"><span class=""></span></div><div class="owl-page"><span class=""></span></div><div class="owl-page"><span class=""></span></div></div><div class="owl-buttons"><div class="owl-prev">prev</div><div class="owl-next">next</div></div></div></div> <!-- end: slides -->
</div> <!-- end: the-slideshow -->
</div> <!-- end: the-slideshow-wrapper -->
</div>
</div>
<br>
<br>
<!-- ############################################# Großer Slider Ende ################### -->
<!-- ########################### Besondere Empfehlungen - Haltbar START ################################# -->
<div class="empfehlungen__wrap nested-container">
<!--Prod 2468 , dev 1184 -->
<div class="empfehlungen_slider__wrap">
<h3 class="section-title padding-right">Unsere Empfehlungen: Haltbare Lebensmittel</h3>
<div class="itemslider-wrapper slider-arrows1 slider-arrows1-pos-top-right slider-pagination1">
<div id="itemslider-featured-60c5db6e3e3a8aef5c025efb2d9a28c0" class="itemslider itemslider-responsive products-grid centered owl-carousel owl-theme" style="opacity: 1; display: block;">
<div class="owl-wrapper-outer"><div class="owl-wrapper" style="width: 6000px; left: 0px; display: block;"><div class="owl-item" style="width: 200px;"><div class="item">
<div class="product-image-wrapper" style="max-width:196px;">
<a href="https://www.essbare-landschaften.de/conchiglioni-afeltra.html" title="Conchiglioni Afeltra" class="product-image">
<img class="lazyOwl" src="https://www.essbare-landschaften.de/media/catalog/product/cache/1/small_image/196x196/9df78eab33525d08d6e5fb8d27136e95/i/m/image_923291_1_2.jpg" alt="Conchiglioni Afeltra" style="display: inline;">
</a>
<ul class="add-to-links clearer addto-links-icons addto-onimage visible-onhover">
<li><a class="link-compare" href="https://www.essbare-landschaften.de/catalog/product_compare/add/product/11875/uenc/aHR0cHM6Ly93d3cuZXNzYmFyZS1sYW5kc2NoYWZ0ZW4uZGUv/" title="Auf die Vergleichsliste">
<span class="icon icon-hover i-compare-bw"></span>
</a></li></ul>
</div> <!-- end: product-image-wrapper -->
<h3 class="product-name"><a href="https://www.essbare-landschaften.de/conchiglioni-afeltra.html" title="Conchiglioni Afeltra">Conchiglioni Afeltra</a></h3>
<div class="mengeListe">
500 g
</div>
<div class="price-box">
<span class="regular-price" id="product-price-11875">
<span class="price">4,20&nbsp;€</span> </span>
<a href="https://www.essbare-landschaften.de/conchiglioni-afeltra.html" class="minimal-price-link">
<span class="label">ab:</span>
<span class="price" id="product-minimal-price-11875">
3,00&nbsp;€ </span>
</a>
</div>
<div class="pricePerHundred pricePerHundredList">(Grundpreis: 8,40 € / kg)</div>
<div class="actions">
</div>
</div></div><div class="owl-item" style="width: 200px;"><div class="item">
<div class="product-image-wrapper" style="max-width:196px;">
<a href="https://www.essbare-landschaften.de/penna-liscia-afeltra.html" title="Penna Liscia Afeltra" class="product-image">
<img class="lazyOwl" src="https://www.essbare-landschaften.de/media/catalog/product/cache/1/small_image/196x196/9df78eab33525d08d6e5fb8d27136e95/i/m/image_923292_1_2.jpg" alt="Penna Liscia Afeltra" style="display: inline;">
</a>
<ul class="add-to-links clearer addto-links-icons addto-onimage visible-onhover">
<li><a class="link-compare" href="https://www.essbare-landschaften.de/catalog/product_compare/add/product/11874/uenc/aHR0cHM6Ly93d3cuZXNzYmFyZS1sYW5kc2NoYWZ0ZW4uZGUv/" title="Auf die Vergleichsliste">
<span class="icon icon-hover i-compare-bw"></span>
</a></li></ul>
</div> <!-- end: product-image-wrapper -->
<h3 class="product-name"><a href="https://www.essbare-landschaften.de/penna-liscia-afeltra.html" title="Penna Liscia Afeltra">Penna Liscia Afeltra</a></h3>
<div class="mengeListe">
500 g
</div>
<div class="price-box">
<span class="regular-price" id="product-price-11874">
<span class="price">4,20&nbsp;€</span> </span>
<a href="https://www.essbare-landschaften.de/penna-liscia-afeltra.html" class="minimal-price-link">
<span class="label">ab:</span>
<span class="price" id="product-minimal-price-11874">
3,00&nbsp;€ </span>
</a>
</div>
<div class="pricePerHundred pricePerHundredList">(Grundpreis: 8,40 € / kg)</div>
<div class="actions">
</div>
</div></div><div class="owl-item" style="width: 200px;"><div class="item">
<div class="product-image-wrapper" style="max-width:196px;">
<a href="https://www.essbare-landschaften.de/tortiglione-afeltra.html" title="Tortiglione Afeltra" class="product-image">
<img class="lazyOwl" src="https://www.essbare-landschaften.de/media/catalog/product/cache/1/small_image/196x196/9df78eab33525d08d6e5fb8d27136e95/i/m/image_923309_1_1.jpg" alt="Tortiglione Afeltra" style="display: inline;">
</a>
<ul class="add-to-links clearer addto-links-icons addto-onimage visible-onhover">
<li><a class="link-compare" href="https://www.essbare-landschaften.de/catalog/product_compare/add/product/11873/uenc/aHR0cHM6Ly93d3cuZXNzYmFyZS1sYW5kc2NoYWZ0ZW4uZGUv/" title="Auf die Vergleichsliste">
<span class="icon icon-hover i-compare-bw"></span>
</a></li></ul>
</div> <!-- end: product-image-wrapper -->
<h3 class="product-name"><a href="https://www.essbare-landschaften.de/tortiglione-afeltra.html" title="Tortiglione Afeltra">Tortiglione Afeltra</a></h3>
<div class="mengeListe">
500 g
</div>
<div class="price-box">
<span class="regular-price" id="product-price-11873">
<span class="price">4,20&nbsp;€</span> </span>
<a href="https://www.essbare-landschaften.de/tortiglione-afeltra.html" class="minimal-price-link">
<span class="label">ab:</span>
<span class="price" id="product-minimal-price-11873">
3,00&nbsp;€ </span>
</a>
</div>
<div class="pricePerHundred pricePerHundredList">(Grundpreis: 8,40 € / kg)</div>
<div class="actions">
</div>
</div></div><div class="owl-item" style="width: 200px;"><div class="item">
<div class="product-image-wrapper" style="max-width:196px;">
<a href="https://www.essbare-landschaften.de/muensterlaender-pumpernickel.html" title="Ahausʼ Emsländischer Pumpernickel" class="product-image">
<img class="lazyOwl" src="https://www.essbare-landschaften.de/media/catalog/product/cache/1/small_image/196x196/9df78eab33525d08d6e5fb8d27136e95/i/m/image_921116_1_1.jpg" alt="Ahausʼ Emsländischer Pumpernickel" style="display: inline;">
<span class="sticker-wrapper top-right"><span class="sticker sale">Verkauf</span></span> </a>
<ul class="add-to-links clearer addto-links-icons addto-onimage visible-onhover">
<li><a class="link-compare" href="https://www.essbare-landschaften.de/catalog/product_compare/add/product/9891/uenc/aHR0cHM6Ly93d3cuZXNzYmFyZS1sYW5kc2NoYWZ0ZW4uZGUv/" title="Auf die Vergleichsliste">
<span class="icon icon-hover i-compare-bw"></span>
</a></li></ul>
</div> <!-- end: product-image-wrapper -->
<h3 class="product-name"><a href="https://www.essbare-landschaften.de/muensterlaender-pumpernickel.html" title="Ahausʼ Emsländischer Pumpernickel">Ahausʼ Emsländischer Pumpernickel</a></h3>
<div class="mengeListe">
500 g
</div>
<div class="price-box">
<p class="old-price">
<span class="price-label">Regulärer Preis:</span>
<span class="price" id="old-price-9891">
1,80&nbsp;€ </span>
</p>
<p class="special-price">
<span class="price-label"></span>
<span class="price" id="product-price-9891">
1,60&nbsp;€ </span>
</p>
</div>
<div class="pricePerHundred pricePerHundredList">(Grundpreis: 3,20 € / kg)</div>
<div class="actions">
</div>
</div></div><div class="owl-item" style="width: 200px;"><div class="item">
<div class="product-image-wrapper" style="max-width:196px;">
<a href="https://www.essbare-landschaften.de/ho-rapsoel-mit-butterschmalz-500-ml.html" title="HO-Rapsöl mit Butterschmalz (500 ml)" class="product-image">
<img class="lazyOwl" src="https://www.essbare-landschaften.de/media/catalog/product/cache/1/small_image/196x196/9df78eab33525d08d6e5fb8d27136e95/i/m/image_923222_1.jpg" alt="HO-Rapsöl mit Butterschmalz (500 ml)" style="display: inline;">
</a>
<ul class="add-to-links clearer addto-links-icons addto-onimage visible-onhover">
<li><a class="link-compare" href="https://www.essbare-landschaften.de/catalog/product_compare/add/product/11363/uenc/aHR0cHM6Ly93d3cuZXNzYmFyZS1sYW5kc2NoYWZ0ZW4uZGUv/" title="Auf die Vergleichsliste">
<span class="icon icon-hover i-compare-bw"></span>
</a></li></ul>
</div> <!-- end: product-image-wrapper -->
<h3 class="product-name"><a href="https://www.essbare-landschaften.de/ho-rapsoel-mit-butterschmalz-500-ml.html" title="HO-Rapsöl mit Butterschmalz (500 ml)">HO-Rapsöl mit Butterschmalz (500 ml)</a></h3>
<div class="mengeListe">
500 ml
</div>
<div class="price-box">
<span class="regular-price" id="product-price-11363">
<span class="price">10,00&nbsp;€</span> </span>
</div>
<div class="pricePerHundred pricePerHundredList">(Grundpreis: 20,00 € / 1L)</div>
<div class="actions">
</div>
</div></div><div class="owl-item" style="width: 200px;"><div class="item">
<div class="product-image-wrapper" style="max-width:196px;">
<a href="https://www.essbare-landschaften.de/schlehensirup.html" title="Schlehensirup" class="product-image">
<img class="lazyOwl" src="https://www.essbare-landschaften.de/media/catalog/product/cache/1/small_image/196x196/9df78eab33525d08d6e5fb8d27136e95/i/m/image_923284_1.jpg" alt="Schlehensirup" style="display: inline;">
<span class="sticker-wrapper top-right"><span class="sticker sale">Verkauf</span></span> </a>
<ul class="add-to-links clearer addto-links-icons addto-onimage visible-onhover">
<li><a class="link-compare" href="https://www.essbare-landschaften.de/catalog/product_compare/add/product/11588/uenc/aHR0cHM6Ly93d3cuZXNzYmFyZS1sYW5kc2NoYWZ0ZW4uZGUv/" title="Auf die Vergleichsliste">
<span class="icon icon-hover i-compare-bw"></span>
</a></li></ul>
</div> <!-- end: product-image-wrapper -->
<h3 class="product-name"><a href="https://www.essbare-landschaften.de/schlehensirup.html" title="Schlehensirup">Schlehensirup</a></h3>
<div class="mengeListe">
250 ml
</div>
<div class="price-box">
<p class="old-price">
<span class="price-label">Regulärer Preis:</span>
<span class="price" id="old-price-11588">
11,50&nbsp;€ </span>
</p>
<p class="special-price">
<span class="price-label"></span>
<span class="price" id="product-price-11588">
9,50&nbsp;€ </span>
</p>
<a href="https://www.essbare-landschaften.de/schlehensirup.html" class="minimal-price-link">
<span class="label">ab:</span>
<span class="price" id="product-minimal-price-11588">
7,50&nbsp;€ </span>
</a>
</div>
<div class="pricePerHundred pricePerHundredList">(Grundpreis: 38,00 € / 1L)</div>
<div class="actions">
</div>
</div></div><div class="owl-item loading" style="width: 200px;"><div class="item">
<div class="product-image-wrapper" style="max-width:196px;">
<a href="https://www.essbare-landschaften.de/original-ungarische-gulaschsuppe-800-ml.html" title="Original Ungarische Gulaschsuppe 800 ml" class="product-image">
<img class="lazyOwl" src="#" data-src="https://www.essbare-landschaften.de/media/catalog/product/cache/1/small_image/196x196/9df78eab33525d08d6e5fb8d27136e95/i/m/image_923219_1_1.jpg" alt="Original Ungarische Gulaschsuppe 800 ml" style="display: none;">
</a>
<ul class="add-to-links clearer addto-links-icons addto-onimage visible-onhover">
<li><a class="link-compare" href="https://www.essbare-landschaften.de/catalog/product_compare/add/product/11246/uenc/aHR0cHM6Ly93d3cuZXNzYmFyZS1sYW5kc2NoYWZ0ZW4uZGUv/" title="Auf die Vergleichsliste">
<span class="icon icon-hover i-compare-bw"></span>
</a></li></ul>
</div> <!-- end: product-image-wrapper -->
<h3 class="product-name"><a href="https://www.essbare-landschaften.de/original-ungarische-gulaschsuppe-800-ml.html" title="Original Ungarische Gulaschsuppe 800 ml">Original Ungarische Gulaschsuppe 800 ml</a></h3>
<div class="mengeListe">
800 ml
</div>
<div class="price-box">
<span class="regular-price" id="product-price-11246">
<span class="price">13,00&nbsp;€</span> </span>
</div>
<div class="pricePerHundred pricePerHundredList">(Grundpreis: 16,25 € / 1L)</div>
<div class="actions">
</div>
</div></div><div class="owl-item loading" style="width: 200px;"><div class="item">
<div class="product-image-wrapper" style="max-width:196px;">
<a href="https://www.essbare-landschaften.de/currywurst-in-apfel-curry-sosse.html" title="Currywurst in Apfel-Curry Soße" class="product-image">
<img class="lazyOwl" src="#" data-src="https://www.essbare-landschaften.de/media/catalog/product/cache/1/small_image/196x196/9df78eab33525d08d6e5fb8d27136e95/i/m/image_923125_1.jpg" alt="Currywurst in Apfel-Curry Soße" style="display: none;">
</a>
<ul class="add-to-links clearer addto-links-icons addto-onimage visible-onhover">
<li><a class="link-compare" href="https://www.essbare-landschaften.de/catalog/product_compare/add/product/9958/uenc/aHR0cHM6Ly93d3cuZXNzYmFyZS1sYW5kc2NoYWZ0ZW4uZGUv/" title="Auf die Vergleichsliste">
<span class="icon icon-hover i-compare-bw"></span>
</a></li></ul>
</div> <!-- end: product-image-wrapper -->
<h3 class="product-name"><a href="https://www.essbare-landschaften.de/currywurst-in-apfel-curry-sosse.html" title="Currywurst in Apfel-Curry Soße">Currywurst in Apfel-Curry Soße</a></h3>
<div class="mengeListe">
400 g
</div>
<div class="price-box">
<span class="regular-price" id="product-price-9958">
<span class="price">5,20&nbsp;€</span> </span>
</div>
<div class="pricePerHundred pricePerHundredList">(Grundpreis: 13,00 € / kg)</div>
<div class="actions">
</div>
</div></div><div class="owl-item loading" style="width: 200px;"><div class="item">
<div class="product-image-wrapper" style="max-width:196px;">
<a href="https://www.essbare-landschaften.de/pachino-tomatensauce-i-g-p.html" title="Pachino-Tomatensauce I.G.P." class="product-image">
<img class="lazyOwl" src="#" data-src="https://www.essbare-landschaften.de/media/catalog/product/cache/1/small_image/196x196/9df78eab33525d08d6e5fb8d27136e95/i/m/image_923008_1_1.jpg" alt="Pachino-Tomatensauce I.G.P." style="display: none;">
</a>
<ul class="add-to-links clearer addto-links-icons addto-onimage visible-onhover">
<li><a class="link-compare" href="https://www.essbare-landschaften.de/catalog/product_compare/add/product/11900/uenc/aHR0cHM6Ly93d3cuZXNzYmFyZS1sYW5kc2NoYWZ0ZW4uZGUv/" title="Auf die Vergleichsliste">
<span class="icon icon-hover i-compare-bw"></span>
</a></li></ul>
</div> <!-- end: product-image-wrapper -->
<h3 class="product-name"><a href="https://www.essbare-landschaften.de/pachino-tomatensauce-i-g-p.html" title="Pachino-Tomatensauce I.G.P.">Pachino-Tomatensauce I.G.P.</a></h3>
<div class="mengeListe">
330 g
</div>
<div class="price-box">
<span class="regular-price" id="product-price-11900">
<span class="price">3,50&nbsp;€</span> </span>
</div>
<div class="pricePerHundred pricePerHundredList">(Grundpreis: 10,61 € / kg)</div>
<div class="actions">
</div>
</div></div><div class="owl-item loading" style="width: 200px;"><div class="item">
<div class="product-image-wrapper" style="max-width:196px;">
<a href="https://www.essbare-landschaften.de/san-marzano-tomaten-ganz.html" title="San Marzano Tomaten geschält D.O.P. (Dose ganze geschälte Tomaten)" class="product-image">
<img class="lazyOwl" src="#" data-src="https://www.essbare-landschaften.de/media/catalog/product/cache/1/small_image/196x196/9df78eab33525d08d6e5fb8d27136e95/i/m/image_923054_1.jpg" alt="San Marzano Tomaten geschält D.O.P. (Dose ganze geschälte Tomaten)" style="display: none;">
</a>
<ul class="add-to-links clearer addto-links-icons addto-onimage visible-onhover">
<li><a class="link-compare" href="https://www.essbare-landschaften.de/catalog/product_compare/add/product/9683/uenc/aHR0cHM6Ly93d3cuZXNzYmFyZS1sYW5kc2NoYWZ0ZW4uZGUv/" title="Auf die Vergleichsliste">
<span class="icon icon-hover i-compare-bw"></span>
</a></li></ul>
</div> <!-- end: product-image-wrapper -->
<h3 class="product-name"><a href="https://www.essbare-landschaften.de/san-marzano-tomaten-ganz.html" title="San Marzano Tomaten geschält D.O.P. (Dose ganze geschälte Tomaten)">San Marzano Tomaten geschält D.O.P. (Dose ganze geschälte Tomaten)</a></h3>
<div class="mengeListe">
260 g
</div>
<div class="price-box">
<span class="regular-price" id="product-price-9683">
<span class="price">2,90&nbsp;€</span> </span>
<a href="https://www.essbare-landschaften.de/san-marzano-tomaten-ganz.html" class="minimal-price-link">
<span class="label">ab:</span>
<span class="price" id="product-minimal-price-9683">
2,40&nbsp;€ </span>
</a>
</div>
<div class="pricePerHundred pricePerHundredList">(Grundpreis: 11,15 € / kg)</div>
<div class="actions">
</div>
</div></div><div class="owl-item loading" style="width: 200px;"><div class="item">
<div class="product-image-wrapper" style="max-width:196px;">
<a href="https://www.essbare-landschaften.de/toscana-tomatensosse.html" title="Toscana – Tomatensoße" class="product-image">
<img class="lazyOwl" src="#" data-src="https://www.essbare-landschaften.de/media/catalog/product/cache/1/small_image/196x196/9df78eab33525d08d6e5fb8d27136e95/i/m/image_923223_1.jpg" alt="Toscana – Tomatensoße" style="display: none;">
<span class="sticker-wrapper top-right"><span class="sticker sale">Verkauf</span></span> </a>
<ul class="add-to-links clearer addto-links-icons addto-onimage visible-onhover">
<li><a class="link-compare" href="https://www.essbare-landschaften.de/catalog/product_compare/add/product/11322/uenc/aHR0cHM6Ly93d3cuZXNzYmFyZS1sYW5kc2NoYWZ0ZW4uZGUv/" title="Auf die Vergleichsliste">
<span class="icon icon-hover i-compare-bw"></span>
</a></li></ul>
</div> <!-- end: product-image-wrapper -->
<h3 class="product-name"><a href="https://www.essbare-landschaften.de/toscana-tomatensosse.html" title="Toscana – Tomatensoße">Toscana – Tomatensoße</a></h3>
<div class="mengeListe">
340 g
</div>
<div class="price-box">
<p class="old-price">
<span class="price-label">Regulärer Preis:</span>
<span class="price" id="old-price-11322">
3,90&nbsp;€ </span>
</p>
<p class="special-price">
<span class="price-label"></span>
<span class="price" id="product-price-11322">
3,50&nbsp;€ </span>
</p>
</div>
<div class="pricePerHundred pricePerHundredList">(Grundpreis: 10,29 € / kg)</div>
<div class="actions">
</div>
</div></div><div class="owl-item loading" style="width: 200px;"><div class="item">
<div class="product-image-wrapper" style="max-width:196px;">
<a href="https://www.essbare-landschaften.de/sicilia-tomatensosse.html" title="Sicilia – Tomatensoße" class="product-image">
<img class="lazyOwl" src="#" data-src="https://www.essbare-landschaften.de/media/catalog/product/cache/1/small_image/196x196/9df78eab33525d08d6e5fb8d27136e95/i/m/image_923225_1.jpg" alt="Sicilia – Tomatensoße" style="display: none;">
<span class="sticker-wrapper top-right"><span class="sticker sale">Verkauf</span></span> </a>
<ul class="add-to-links clearer addto-links-icons addto-onimage visible-onhover">
<li><a class="link-compare" href="https://www.essbare-landschaften.de/catalog/product_compare/add/product/11324/uenc/aHR0cHM6Ly93d3cuZXNzYmFyZS1sYW5kc2NoYWZ0ZW4uZGUv/" title="Auf die Vergleichsliste">
<span class="icon icon-hover i-compare-bw"></span>
</a></li></ul>
</div> <!-- end: product-image-wrapper -->
<h3 class="product-name"><a href="https://www.essbare-landschaften.de/sicilia-tomatensosse.html" title="Sicilia – Tomatensoße">Sicilia – Tomatensoße</a></h3>
<div class="mengeListe">
340 g
</div>
<div class="price-box">
<p class="old-price">
<span class="price-label">Regulärer Preis:</span>
<span class="price" id="old-price-11324">
3,90&nbsp;€ </span>
</p>
<p class="special-price">
<span class="price-label"></span>
<span class="price" id="product-price-11324">
3,50&nbsp;€ </span>
</p>
</div>
<div class="pricePerHundred pricePerHundredList">(Grundpreis: 10,29 € / kg)</div>
<div class="actions">
</div>
</div></div><div class="owl-item loading" style="width: 200px;"><div class="item">
<div class="product-image-wrapper" style="max-width:196px;">
<a href="https://www.essbare-landschaften.de/fleischbruehe-sirocco.html" title="Fleischbrühe Sirocco" class="product-image">
<img class="lazyOwl" src="#" data-src="https://www.essbare-landschaften.de/media/catalog/product/cache/1/small_image/196x196/9df78eab33525d08d6e5fb8d27136e95/i/m/image_923013_1.jpg" alt="Fleischbrühe Sirocco" style="display: none;">
</a>
<ul class="add-to-links clearer addto-links-icons addto-onimage visible-onhover">
<li><a class="link-compare" href="https://www.essbare-landschaften.de/catalog/product_compare/add/product/9473/uenc/aHR0cHM6Ly93d3cuZXNzYmFyZS1sYW5kc2NoYWZ0ZW4uZGUv/" title="Auf die Vergleichsliste">
<span class="icon icon-hover i-compare-bw"></span>
</a></li></ul>
</div> <!-- end: product-image-wrapper -->
<h3 class="product-name"><a href="https://www.essbare-landschaften.de/fleischbruehe-sirocco.html" title="Fleischbrühe Sirocco">Fleischbrühe Sirocco</a></h3>
<div class="mengeListe">
500 g
</div>
<div class="price-box">
<span class="regular-price" id="product-price-9473">
<span class="price">23,80&nbsp;€</span> </span>
</div>
<div class="pricePerHundred pricePerHundredList">(Grundpreis: 47,60 € / kg)</div>
<div class="actions">
</div>
</div></div><div class="owl-item loading" style="width: 200px;"><div class="item">
<div class="product-image-wrapper" style="max-width:196px;">
<a href="https://www.essbare-landschaften.de/bio-basilikum-getrocknet.html" title="Bio-Basilikum getrocknet" class="product-image">
<img class="lazyOwl" src="#" data-src="https://www.essbare-landschaften.de/media/catalog/product/cache/1/small_image/196x196/9df78eab33525d08d6e5fb8d27136e95/i/m/image_923083_1_1.jpg" alt="Bio-Basilikum getrocknet" style="display: none;">
</a>
<ul class="add-to-links clearer addto-links-icons addto-onimage visible-onhover">
<li><a class="link-compare" href="https://www.essbare-landschaften.de/catalog/product_compare/add/product/11883/uenc/aHR0cHM6Ly93d3cuZXNzYmFyZS1sYW5kc2NoYWZ0ZW4uZGUv/" title="Auf die Vergleichsliste">
<span class="icon icon-hover i-compare-bw"></span>
</a></li></ul>
</div> <!-- end: product-image-wrapper -->
<h3 class="product-name"><a href="https://www.essbare-landschaften.de/bio-basilikum-getrocknet.html" title="Bio-Basilikum getrocknet">Bio-Basilikum getrocknet</a></h3>
<div class="mengeListe">
15 g
</div>
<div class="price-box">
<span class="regular-price" id="product-price-11883">
<span class="price">6,80&nbsp;€</span> </span>
</div>
<div class="pricePerHundred pricePerHundredList">(Grundpreis: 453,33 € / kg)</div>
<div class="actions">
</div>
</div></div><div class="owl-item loading" style="width: 200px;"><div class="item">
<div class="product-image-wrapper" style="max-width:196px;">
<a href="https://www.essbare-landschaften.de/suedtiroler-salatkraeuter.html" title="Südtiroler Salatkräuter" class="product-image">
<img class="lazyOwl" src="#" data-src="https://www.essbare-landschaften.de/media/catalog/product/cache/1/small_image/196x196/9df78eab33525d08d6e5fb8d27136e95/i/m/image_923027_1_1.jpg" alt="Südtiroler Salatkräuter" style="display: none;">
</a>
<ul class="add-to-links clearer addto-links-icons addto-onimage visible-onhover">
<li><a class="link-compare" href="https://www.essbare-landschaften.de/catalog/product_compare/add/product/11880/uenc/aHR0cHM6Ly93d3cuZXNzYmFyZS1sYW5kc2NoYWZ0ZW4uZGUv/" title="Auf die Vergleichsliste">
<span class="icon icon-hover i-compare-bw"></span>
</a></li></ul>
</div> <!-- end: product-image-wrapper -->
<h3 class="product-name"><a href="https://www.essbare-landschaften.de/suedtiroler-salatkraeuter.html" title="Südtiroler Salatkräuter">Südtiroler Salatkräuter</a></h3>
<div class="mengeListe">
15 g
</div>
<div class="price-box">
<span class="regular-price" id="product-price-11880">
<span class="price">6,50&nbsp;€</span> </span>
</div>
<div class="pricePerHundred pricePerHundredList">(Grundpreis: 433,33 € / kg)</div>
<div class="actions">
</div>
</div></div></div></div>














<div class="owl-controls clickable"><div class="owl-pagination"><div class="owl-page active"><span class=""></span></div><div class="owl-page"><span class=""></span></div><div class="owl-page"><span class=""></span></div></div><div class="owl-buttons"><div class="owl-prev">prev</div><div class="owl-next">next</div></div></div></div> <!-- end: itemslider -->
</div> <!-- end: itemslider-wrapper -->
</div>
</div>
<!-- ########################### Besondere Empfehlungen - Haltbar Ende ################################# -->
<!-- ################## Banner ############# -->
<div class="grid12-12">
<a href="https://www.essbare-landschaften.de/fleisch.html">
<picture>
<source srcset="/media/teaser/el-fleischaktionen-ueberblick-banner-groesser-landschaft.webp" type="image/webp">
<source srcset="/media/teaser/el-fleischaktionen-ueberblick-banner-groesser-landschaft.jpeg" type="image/jpeg">
<img src="https://www.essbare-landschaften.de/media/teaser/el-fleischaktionen-ueberblick-banner-groesser-landschaft.jpg" alt="fleisch-aktionen">
</picture>
</a>
<br>
</div>
<!-- ########################### Über Uns ################################# -->
<div class="grid12-12 interview " style="margin-bottom:30px">
<br>
<a href="https://www.essbare-landschaften.de/ueber-uns.html">
<picture>
<source srcset="/media/teaser/1176x300_Über-uns-teaser_v3.webp" type="image/webp">
<source srcset="/media/teaser/1176x300_Über-uns-teaser_v3.jpg" type="image/jpeg">
<img src="https://www.essbare-landschaften.de/media/teaser/1176x300_Über-uns-teaser_v3.jpg" alt="arche-warder">
</picture>
</a>
<br>
</div>
<!-- ########################### Über uns Ende ################################# -->
<!-- ########################### Vorratspakete ################################# -->
<div class="grid12-12 interview " style="margin-bottom:30px">
<br>
<a href="https://www.essbare-landschaften.de/vorratspakete">
<picture>
<source srcset="/media/teaser/el-vorratsprodukte.webp" type="image/webp">
<source srcset="/media/teaser/el-vorratsprodukte.jpeg" type="image/jpeg">
<img src="media/teaser/el-vorratsprodukte.jpg" alt="arche-warder">
</picture>
</a>
<br>
</div>
<!-- ########################### Vorratspakete Ende ################################# -->
<!-- ########################### Newsletter Start ################################# -->
<div class="grid12-12 frischebrief ">
<a href="https://www.essbare-landschaften.de/frischebrief">
<picture>
<source srcset="/media/teaser/el-newsletter-startseite.webp" type="image/webp">
<source srcset="/media/teaser/el-newsletter-startseite.jpeg" type="image/jpeg">
<img src="https://www.essbare-landschaften.de/media/teaser/el-newsletter-startseite.jpg" alt="frischebrief">
</picture>
</a>
<br><br>
</div>
<!-- ########################### Newsletter Ende ################################# -->
<!-- ############### Besondere Empfehlungen - Non Food START ################ -->
<div class="empfehlungen__wrap nested-container">
<!--Prod 2853-->
<div class="empfehlungen_slider__wrap">
<h3 class="section-title padding-right">Unsere Empfehlungen: Pakete &amp; Sets</h3>
<div class="itemslider-wrapper slider-arrows1 slider-arrows1-pos-top-right slider-pagination1">
<div id="itemslider-featured-686b3ce6027de5cd1a60401e260ae7fe" class="itemslider itemslider-responsive products-grid centered owl-carousel owl-theme" style="opacity: 1; display: block;">
<div class="owl-wrapper-outer"><div class="owl-wrapper" style="width: 3600px; left: 0px; display: block;"><div class="owl-item" style="width: 200px;"><div class="item">
<div class="product-image-wrapper" style="max-width:196px;">
<a href="https://www.essbare-landschaften.de/paket-pasta-afeltra.html" title="Paket Pasta Afeltra" class="product-image">
<img class="lazyOwl" src="https://www.essbare-landschaften.de/media/catalog/product/cache/1/small_image/196x196/9df78eab33525d08d6e5fb8d27136e95/i/m/image_923065_1.jpg" alt="Paket Pasta Afeltra" style="display: inline;">
</a>
<ul class="add-to-links clearer addto-links-icons addto-onimage visible-onhover">
<li><a class="link-compare" href="https://www.essbare-landschaften.de/catalog/product_compare/add/product/9422/uenc/aHR0cHM6Ly93d3cuZXNzYmFyZS1sYW5kc2NoYWZ0ZW4uZGUv/" title="Auf die Vergleichsliste">
<span class="icon icon-hover i-compare-bw"></span>
</a></li></ul>
</div> <!-- end: product-image-wrapper -->
<h3 class="product-name"><a href="https://www.essbare-landschaften.de/paket-pasta-afeltra.html" title="Paket Pasta Afeltra">Paket Pasta Afeltra</a></h3>
<div class="mengeListe">
2 kg
</div>
<div class="price-box">
<span class="regular-price" id="product-price-9422">
<span class="price">16,00&nbsp;€</span> </span>
</div>
<div class="pricePerHundred pricePerHundredList">(Grundpreis: 8,00 € / kg)</div>
<div class="actions">
</div>
</div></div><div class="owl-item" style="width: 200px;"><div class="item">
<div class="product-image-wrapper" style="max-width:196px;">
<a href="https://www.essbare-landschaften.de/sauerkraut-filder-spitzbueble-800g-20er-vorratspack.html" title="Sauerkraut „Filder Spitzbüble“ 800g (18er Vorratspack)" class="product-image">
<img class="lazyOwl" src="https://www.essbare-landschaften.de/media/catalog/product/cache/1/small_image/196x196/9df78eab33525d08d6e5fb8d27136e95/i/m/image_923181_1.jpg" alt="Sauerkraut „Filder Spitzbüble“ 800g (18er Vorratspack)" style="display: inline;">
</a>
<ul class="add-to-links clearer addto-links-icons addto-onimage visible-onhover">
<li><a class="link-compare" href="https://www.essbare-landschaften.de/catalog/product_compare/add/product/10374/uenc/aHR0cHM6Ly93d3cuZXNzYmFyZS1sYW5kc2NoYWZ0ZW4uZGUv/" title="Auf die Vergleichsliste">
<span class="icon icon-hover i-compare-bw"></span>
</a></li></ul>
</div> <!-- end: product-image-wrapper -->
<h3 class="product-name"><a href="https://www.essbare-landschaften.de/sauerkraut-filder-spitzbueble-800g-20er-vorratspack.html" title="Sauerkraut „Filder Spitzbüble“ 800g (18er Vorratspack)">Sauerkraut „Filder Spitzbüble“ 800g (18er Vorratspack)</a></h3>
<div class="mengeListe">
13,86 kg
</div>
<div class="price-box">
<span class="regular-price" id="product-price-10374">
<span class="price">32,40&nbsp;€</span> </span>
</div>
<div class="pricePerHundred pricePerHundredList">(Grundpreis: 2,34 € / kg)</div>
<div class="actions">
</div>
</div></div><div class="owl-item" style="width: 200px;"><div class="item">
<div class="product-image-wrapper" style="max-width:196px;">
<a href="https://www.essbare-landschaften.de/paket-drei-sorten-milchsaures-gemuese.html" title="Paket &quot;Drei Sorten milchsaures Gemüse&quot;" class="product-image">
<img class="lazyOwl" src="https://www.essbare-landschaften.de/media/catalog/product/cache/1/small_image/196x196/9df78eab33525d08d6e5fb8d27136e95/i/m/image_923216_1_1.jpg" alt="Paket &quot;Drei Sorten milchsaures Gemüse&quot;" style="display: inline;">
</a>
<ul class="add-to-links clearer addto-links-icons addto-onimage visible-onhover">
<li><a class="link-compare" href="https://www.essbare-landschaften.de/catalog/product_compare/add/product/11795/uenc/aHR0cHM6Ly93d3cuZXNzYmFyZS1sYW5kc2NoYWZ0ZW4uZGUv/" title="Auf die Vergleichsliste">
<span class="icon icon-hover i-compare-bw"></span>
</a></li></ul>
</div> <!-- end: product-image-wrapper -->
<h3 class="product-name"><a href="https://www.essbare-landschaften.de/paket-drei-sorten-milchsaures-gemuese.html" title="Paket &quot;Drei Sorten milchsaures Gemüse&quot;">Paket "Drei Sorten milchsaures Gemüse"</a></h3>
<div class="mengeListe">
745 g
</div>
<div class="price-box">
<span class="regular-price" id="product-price-11795">
<span class="price">8,80&nbsp;€</span> </span>
</div>
<div class="pricePerHundred pricePerHundredList">(Grundpreis: 11,81 € / kg)</div>
<div class="actions">
</div>
</div></div><div class="owl-item" style="width: 200px;"><div class="item">
<div class="product-image-wrapper" style="max-width:196px;">
<a href="https://www.essbare-landschaften.de/paket-vier-sorten-milchsaures-gemuese.html" title="Paket &quot;Vier Sorten milchsaures Gemüse&quot;" class="product-image">
<img class="lazyOwl" src="https://www.essbare-landschaften.de/media/catalog/product/cache/1/small_image/196x196/9df78eab33525d08d6e5fb8d27136e95/i/m/image_923301_1_1.jpg" alt="Paket &quot;Vier Sorten milchsaures Gemüse&quot;" style="display: inline;">
</a>
<ul class="add-to-links clearer addto-links-icons addto-onimage visible-onhover">
<li><a class="link-compare" href="https://www.essbare-landschaften.de/catalog/product_compare/add/product/11794/uenc/aHR0cHM6Ly93d3cuZXNzYmFyZS1sYW5kc2NoYWZ0ZW4uZGUv/" title="Auf die Vergleichsliste">
<span class="icon icon-hover i-compare-bw"></span>
</a></li></ul>
</div> <!-- end: product-image-wrapper -->
<h3 class="product-name"><a href="https://www.essbare-landschaften.de/paket-vier-sorten-milchsaures-gemuese.html" title="Paket &quot;Vier Sorten milchsaures Gemüse&quot;">Paket "Vier Sorten milchsaures Gemüse"</a></h3>
<div class="mengeListe">
1075 g
</div>
<div class="price-box">
<span class="regular-price" id="product-price-11794">
<span class="price">12,60&nbsp;€</span> </span>
<a href="https://www.essbare-landschaften.de/paket-vier-sorten-milchsaures-gemuese.html" class="minimal-price-link">
<span class="label">ab:</span>
<span class="price" id="product-minimal-price-11794">
12,20&nbsp;€ </span>
</a>
</div>
<div class="pricePerHundred pricePerHundredList">(Grundpreis: 11,72 € / kg)</div>
<div class="actions">
</div>
</div></div><div class="owl-item" style="width: 200px;"><div class="item">
<div class="product-image-wrapper" style="max-width:196px;">
<a href="https://www.essbare-landschaften.de/paket-fisch-aus-dem-glas.html" title="Paket &quot;Fisch aus dem Glas&quot;" class="product-image">
<img class="lazyOwl" src="https://www.essbare-landschaften.de/media/catalog/product/cache/1/small_image/196x196/9df78eab33525d08d6e5fb8d27136e95/i/m/image_923170_1.jpg" alt="Paket &quot;Fisch aus dem Glas&quot;" style="display: inline;">
</a>
<ul class="add-to-links clearer addto-links-icons addto-onimage visible-onhover">
<li><a class="link-compare" href="https://www.essbare-landschaften.de/catalog/product_compare/add/product/10275/uenc/aHR0cHM6Ly93d3cuZXNzYmFyZS1sYW5kc2NoYWZ0ZW4uZGUv/" title="Auf die Vergleichsliste">
<span class="icon icon-hover i-compare-bw"></span>
</a></li></ul>
</div> <!-- end: product-image-wrapper -->
<h3 class="product-name"><a href="https://www.essbare-landschaften.de/paket-fisch-aus-dem-glas.html" title="Paket &quot;Fisch aus dem Glas&quot;">Paket "Fisch aus dem Glas"</a></h3>
<div class="mengeListe">
850 g
</div>
<div class="price-box">
<span class="regular-price" id="product-price-10275">
<span class="price">30,00&nbsp;€</span> </span>
</div>
<div class="pricePerHundred pricePerHundredList">(Grundpreis: 35,29 € / kg)</div>
<div class="actions">
</div>
</div></div><div class="owl-item" style="width: 200px;"><div class="item">
<div class="product-image-wrapper" style="max-width:196px;">
<a href="https://www.essbare-landschaften.de/paket-sirocco.html" title="Paket &quot;Sirocco&quot;" class="product-image">
<img class="lazyOwl" src="https://www.essbare-landschaften.de/media/catalog/product/cache/1/small_image/196x196/9df78eab33525d08d6e5fb8d27136e95/i/m/image_923168_1.jpg" alt="Paket &quot;Sirocco&quot;" style="display: inline;">
</a>
<ul class="add-to-links clearer addto-links-icons addto-onimage visible-onhover">
<li><a class="link-compare" href="https://www.essbare-landschaften.de/catalog/product_compare/add/product/10272/uenc/aHR0cHM6Ly93d3cuZXNzYmFyZS1sYW5kc2NoYWZ0ZW4uZGUv/" title="Auf die Vergleichsliste">
<span class="icon icon-hover i-compare-bw"></span>
</a></li></ul>
</div> <!-- end: product-image-wrapper -->
<h3 class="product-name"><a href="https://www.essbare-landschaften.de/paket-sirocco.html" title="Paket &quot;Sirocco&quot;">Paket "Sirocco"</a></h3>
<div class="mengeListe">
1 kg
</div>
<div class="price-box">
<span class="regular-price" id="product-price-10272">
<span class="price">44,00&nbsp;€</span> </span>
</div>
<div class="pricePerHundred pricePerHundredList">(Grundpreis: 44,00 € / kg)</div>
<div class="actions">
</div>
</div></div><div class="owl-item loading" style="width: 200px;"><div class="item">
<div class="product-image-wrapper" style="max-width:196px;">
<a href="https://www.essbare-landschaften.de/grosses-suedtiroler-kraeuter-paket-kuechenkraeuter.html" title="Großes Südtiroler Kräuter-Paket &quot;Küchenkräuter&quot;" class="product-image">
<img class="lazyOwl" src="#" data-src="https://www.essbare-landschaften.de/media/catalog/product/cache/1/small_image/196x196/9df78eab33525d08d6e5fb8d27136e95/i/m/image_923317_1.jpg" alt="Großes Südtiroler Kräuter-Paket &quot;Küchenkräuter&quot;" style="display: none;">
</a>
<ul class="add-to-links clearer addto-links-icons addto-onimage visible-onhover">
<li><a class="link-compare" href="https://www.essbare-landschaften.de/catalog/product_compare/add/product/11892/uenc/aHR0cHM6Ly93d3cuZXNzYmFyZS1sYW5kc2NoYWZ0ZW4uZGUv/" title="Auf die Vergleichsliste">
<span class="icon icon-hover i-compare-bw"></span>
</a></li></ul>
</div> <!-- end: product-image-wrapper -->
<h3 class="product-name"><a href="https://www.essbare-landschaften.de/grosses-suedtiroler-kraeuter-paket-kuechenkraeuter.html" title="Großes Südtiroler Kräuter-Paket &quot;Küchenkräuter&quot;">Großes Südtiroler Kräuter-Paket "Küchenkräuter"</a></h3>
<div class="mengeListe">
160 g
</div>
<div class="price-box">
<span class="regular-price" id="product-price-11892">
<span class="price">60,00&nbsp;€</span> </span>
</div>
<div class="pricePerHundred pricePerHundredList">(Grundpreis: 375,00 € / kg)</div>
<div class="actions">
</div>
</div></div><div class="owl-item loading" style="width: 200px;"><div class="item">
<div class="product-image-wrapper" style="max-width:196px;">
<a href="https://www.essbare-landschaften.de/paket-sizilianische-fruchtaufstriche.html" title="Dreierlei Sizilianische Fruchtaufstriche" class="product-image">
<img class="lazyOwl" src="#" data-src="https://www.essbare-landschaften.de/media/catalog/product/cache/1/small_image/196x196/9df78eab33525d08d6e5fb8d27136e95/i/m/image_923066_1.jpg" alt="Dreierlei Sizilianische Fruchtaufstriche" style="display: none;">
</a>
<ul class="add-to-links clearer addto-links-icons addto-onimage visible-onhover">
<li><a class="link-compare" href="https://www.essbare-landschaften.de/catalog/product_compare/add/product/9421/uenc/aHR0cHM6Ly93d3cuZXNzYmFyZS1sYW5kc2NoYWZ0ZW4uZGUv/" title="Auf die Vergleichsliste">
<span class="icon icon-hover i-compare-bw"></span>
</a></li></ul>
</div> <!-- end: product-image-wrapper -->
<h3 class="product-name"><a href="https://www.essbare-landschaften.de/paket-sizilianische-fruchtaufstriche.html" title="Dreierlei Sizilianische Fruchtaufstriche">Dreierlei Sizilianische Fruchtaufstriche</a></h3>
<div class="mengeListe">
750 g
</div>
<div class="price-box">
<span class="regular-price" id="product-price-9421">
<span class="price">18,00&nbsp;€</span> </span>
</div>
<div class="pricePerHundred pricePerHundredList">(Grundpreis: 24,00 € / kg)</div>
<div class="actions">
</div>
</div></div><div class="owl-item loading" style="width: 200px;"><div class="item">
<div class="product-image-wrapper" style="max-width:196px;">
<a href="https://www.essbare-landschaften.de/set-salz-pfeffer-braune-muehlen.html" title="Set &quot;Salz &amp; Pfeffer&quot; (braune Mühlen)" class="product-image">
<img class="lazyOwl" src="#" data-src="https://www.essbare-landschaften.de/media/catalog/product/cache/1/small_image/196x196/9df78eab33525d08d6e5fb8d27136e95/i/m/image_923155_1.jpg" alt="Set &quot;Salz &amp; Pfeffer&quot; (braune Mühlen)" style="display: none;">
</a>
<ul class="add-to-links clearer addto-links-icons addto-onimage visible-onhover">
<li><a class="link-compare" href="https://www.essbare-landschaften.de/catalog/product_compare/add/product/9954/uenc/aHR0cHM6Ly93d3cuZXNzYmFyZS1sYW5kc2NoYWZ0ZW4uZGUv/" title="Auf die Vergleichsliste">
<span class="icon icon-hover i-compare-bw"></span>
</a></li></ul>
</div> <!-- end: product-image-wrapper -->
<h3 class="product-name"><a href="https://www.essbare-landschaften.de/set-salz-pfeffer-braune-muehlen.html" title="Set &quot;Salz &amp; Pfeffer&quot; (braune Mühlen)">Set "Salz &amp; Pfeffer" (braune Mühlen)</a></h3>
<div class="mengeListe">
Paket
</div>
<div class="price-box">
<span class="regular-price" id="product-price-9954">
<span class="price">71,00&nbsp;€</span> </span>
</div>
<div class="actions">
</div>
</div></div></div></div>








<div class="owl-controls clickable"><div class="owl-pagination"><div class="owl-page active"><span class=""></span></div><div class="owl-page"><span class=""></span></div></div><div class="owl-buttons"><div class="owl-prev">prev</div><div class="owl-next">next</div></div></div></div> <!-- end: itemslider -->
</div> <!-- end: itemslider-wrapper -->
</div>
</div>
<!-- ############################ Besondere Empfehlungen - Non Food ENDE ############################## -->
<!-- Gruppe START -->
<div class="gruppenteaser__wrap nested-container">
<h3 class="grid12-12">Ein Kleinod in Holstein</h3>
<div class="grid12-12 gruppenteaser">
<a href="https://www.essbare-landschaften.de/ferien-auf-gut-manhagen">
<picture>
<source srcset="/media/gruppe/1176x300_gut-manhagen.webp" type="image/webp">
<source srcset="/media/gruppe/1176x300_gut-manhagen.jpeg" type="image/jpeg">
<img src="https://www.essbare-landschaften.de/media/gruppe/1176x300_gut-manhagen.jpg" alt="Pflegerhof aus Südtirol" height="279" width="505">
</picture>
<h3>Urlaub am eigenen See.<br>
<span class="muted">Gut Manhagen.</span>
</h3>
<p>
Wir laden Sie hiermit ein, Urlaub an einem der schönsten Orte Holsteins zu machen: Ruhe finden, schwimmen, paddeln, angeln, radfahren, wandern, Sauna am See. Ausflüge zur Ost- und zur Nordsee.
</p>
<p>
<b>Lesen Sie mehr...</b>
</p>
</a>
</div>
<!-- ################ DIE ARCHE WARDER AUF GUT MANAHGEN ############### -->
</div>
<!-- Gruppe ENDE --></div> </div>
<div class="postscript grid-full in-col1"></div>
</div>
</div>
<div class="footer-container">
<div class="footer-container2">
<div class="footer-top-container section-container">
<div class="footer-top footer container show-bg">
<div class="grid-full">
<div class="section clearer links-wrapper-separators">
</div> <!-- end: footer-top section -->
</div> <!-- end: grid-full -->
</div> <!-- end: footer-top -->
</div>
<div class="footer-primary-container section-container">
<div class="footer-primary footer container show-bg show-bg">
<div class="grid-full">
<div class="section clearer">
<div class=" grid12-3"> <div class="std"><div class="feature first last">
<h6>Essbare Landschaften GmbH &amp; Co. KG</h6>
<p class="text">
Bahnhofstraße 3<br>
59348 Lüdinghausen<br>
</p>
<ul class="bullet">
<li><a href="/impressum/">Impressum</a></li>
<li><a href="https://www.essbare-landschaften.de/catalog/seo_sitemap/category/">Sitemap</a></li>
</ul>
</div></div></div><div class=" grid12-3"> <div class="std"><div class="feature first last">
<h6>Kontakt</h6>
<p class="text" style="line-height:1.5em">
<i class="icon-phone" style="font-size:14px"></i> (02591) 25 90-230<br>
<i class="icon-print" style="font-size:14px"></i> (02591) 25 90-190<br>
<i class="icon-envelope" style="font-size:14px"></i> <a href="mailto:info@essbare-landschaften.de">info@essbare-landschaften.de</a><br>
</p>
<ul class="bullet">
<li><a href="/frischebrief">Newsletter abonnieren.</a></li>
<li><a href="/ueber-uns/">Über uns.</a></li>
<li><a href="/ferien-auf-gut-manhagen/">Besuchen Sie uns.</a></li>
</ul>
</div></div></div><div class=" grid12-3"> <div class="std"><div class="feature first last">
<h6>Versand &amp; Zahlungsarten</h6>
<ul class="bullet">
<li><a href="/versand-sf/">Versand</a></li>
<li><a href="/zahlungsarten/">Zahlungsarten</a></li>
<!--<li><a href="https://www.essbare-landschaften.de/catalog/seo_sitemap/category/">Kategorien</a></li>-->
<!--<li><a href="https://www.essbare-landschaften.de/catalog/seo_sitemap/product/">Produkte</a></li>-->
<!--<li><a href="/bestellung-und-reservierung/">Bestellung und Reservierung</a></li>-->
</ul>
</div></div></div><div class=" grid12-3"> <div class="std"><div class="feature first last">
<h6>Rechtliches &amp; Wichtiges</h6>
<ul class="bullet">
<!--<li><a href="/faq/">Fragen und Antworten</a></li>-->
<li><a href="/agb/">AGB</a></li>
<li><a href="/datenschutzhinweis/">Datenschutzhinweise</a></li>
<li><a href="https://www.essbare-landschaften.de/widerruf/">Widerrufsbelehrung</a></li>
</ul>
</div></div></div> </div> <!-- end: footer-primary section -->
</div> <!-- end: grid-full -->
</div> <!-- end: footer-primary -->
</div>
<div class="footer-secondary-container section-container">
<div class="footer-secondary footer container show-bg">
<div class="grid-full">
<div class="section clearer">
<div class=" grid12-12"> <div class="std"><div class="footer-payment">
<div class="footer-payment-inner">
<img src="https://www.essbare-landschaften.de/media/wysiwyg/essbarelandschaften/zahlungsarten_1.png" alt="" style="max-width:460px !important;padding-bottom: 20px;" class="img-responsive">
<!--<div class="footer-payment-border"><strong style="font-size:0.8em">PayPal</strong></div>
<div class="footer-payment-border"><strong style="font-size:0.8em">Lastschrift</strong></div>
<div class="footer-payment-border"><strong style="font-size:0.8em">Kreditkarte</strong></div>
<div class="footer-payment-border"><strong style="font-size:0.8em">Rrechnung</strong></div>
<div class="footer-payment-border"><strong style="font-size:0.8em">Vorkasse</strong></div>-->
</div>
</div></div></div> </div> <!-- end: footer-secondary section -->
</div> <!-- end: grid-full -->
</div> <!-- end: footer-secondary -->
</div>
<div class="footer-bottom-container section-container">
<div class="footer-bottom footer container show-bg">
<div class="grid-full">
<div class="section clearer">
<div class="item item-left">
<p class="footer-copyright">© 2024 Essbare Landschaften GmbH &amp; Co. KG</p>
</div>
</div> <!-- end: footer-bottom section -->
</div> <!-- end: grid-full -->
</div> <!-- end: footer-bottom -->
</div>
<a href="#top" id="scroll-to-top">To top</a>
</div> <!-- end: footer-container2 -->
</div> <!-- end: footer-container -->
<div id="acp-overlay" class="ajaxcartpro-box-hide"></div><div id="ajaxcartpro-progress" class="ajaxcartpro-box-hide">
<img src="https://www.essbare-landschaften.de/skin/frontend/base/default/ajaxcartpro/images/al.gif" alt="">
<p>Bitte warten…</p>
</div>
<div id="ajaxcartpro-add-confirm" class="ajaxcartpro-box-hide">
<a class="aw-acp-continue focus">Weiter einkaufen</a>
<br>
<a href="https://www.essbare-landschaften.de/checkout/cart/" class="aw-acp-checkout">Warenkorb anzeigen</a>
</div>
<div id="ajaxcartpro-remove-confirm" class="ajaxcartpro-box-hide">
<a class="aw-acp-continue focus">Weiter einkaufen</a>
<br>
<a href="https://www.essbare-landschaften.de/checkout/cart/" class="aw-acp-checkout">Warenkorb anzeigen</a>
</div>
<div id="acp-configurable-block"></div>
<!-- START PIWIK TRACKING CODE -->
<!--<noscript><p><img src="//stats.thpg.de/matomo.php?idsite=1" style="border:0" alt="" /></p></noscript>-->
<!-- END PIWIK TRACKING CODE -->
</div>
</div>
</div> <!-- end: root-wrapper -->
<!--[if lt IE 7]>
<script>
//<![CDATA[
var BLANK_URL = 'https://www.essbare-landschaften.de/js/blank.html';
var BLANK_IMG = 'https://www.essbare-landschaften.de/js/spacer.gif';
//]]>
</script>
<![endif]--><script type="text/javascript" src="https://www.essbare-landschaften.de/media/amoptimization/media/js/e08d5d48195d6d1fda4eb392fbc5cfe1.js?v=1712582611"></script><!--[if IE]>
<link rel="stylesheet" type="text/css" href="https://www.essbare-landschaften.de/media/amoptimization/default/media/css_secure/d4cd79e6523dc060f6507070708ad7fe.css?v=1703228656" media="all" />
<![endif]--><!--[if lt IE 7]>
<script type="text/javascript" src="https://www.essbare-landschaften.de/media/amoptimization/media/js/df50466d41a8eaac896af6ec1ad8fba5.js?v=1703235641"></script>
<![endif]--><!--[if IE 7]>
<link rel="stylesheet" type="text/css" href="https://www.essbare-landschaften.de/media/amoptimization/default/media/css_secure/33cdf74e207ca24f3bffc3ed8cb16f66.css?v=1703228656" media="all" />
<![endif]--><!--[if lte IE 7]>
<link rel="stylesheet" type="text/css" href="https://www.essbare-landschaften.de/media/amoptimization/default/media/css_secure/5d19a9fd224347153ae44a99251df35c.css?v=1703228656" media="all" />
<![endif]--><!--[if lte IE 8]>
<link rel="stylesheet" type="text/css" href="https://www.essbare-landschaften.de/media/amoptimization/default/media/css_secure/967b74af26dd5f877967e9d1008f9140.css?v=1703228656" media="all" />
<![endif]--><script>
//<![CDATA[
var infortisTheme = {}; infortisTheme.responsive = true; infortisTheme.maxBreak = 1280;
//]]>
</script><script type="text/javascript">
//<![CDATA[
Mage.Cookies.path = '/';
Mage.Cookies.domain = '.www.essbare-landschaften.de';
//]]>
</script><script type="text/javascript">
//<![CDATA[
optionalZipCountries = ["IE","PA","HK","MO"];
//]]>
</script><script>
//<![CDATA[
var AWACP_CONFIG = {
mageVersion: '1.7.0.2',
useProgress : 1,
addProductConfirmationEnabled : 1,
removeProductConfirmationEnabled : 0,
dialogsVAlign: 'center',
cartAnimation: 'opacity',
hasFileOption : false,
addProductCounterBeginFrom : 0,
removeProductCounterBeginFrom : 0,
}
Event.observe(document, 'dom:loaded', function(){
AW_AjaxCartPro.init(AWACP_CONFIG);
});
//]]>
</script><script type="text/javascript">//<![CDATA[
var Translator = new Translate({"HTML tags are not allowed":"HTML-Tags sind nicht erlaubt","Please select an option.":"Bitte w\u00e4hlen Sie eine Option.","This is a required field.":"Dies ist ein Pflichtfeld.","Please enter a valid number in this field.":"Bitte geben Sie eine g\u00fcltige Nummer in dieses Feld ein.","The value is not within the specified range.":"Der Wert ist nicht innerhalb des erlaubten Bereichs.","Please use numbers only in this field. Please avoid spaces or other characters such as dots or commas.":"Bitte nur Ziffern in diesem Feld verwenden. Vermeiden Sie Leerzeichen oder andere Zeichen (z. B. Punkt oder Komma).","Please use letters only (a-z or A-Z) in this field.":"Bitte nur Buchstaben (a-z oder A-Z) in diesem Feld verwenden.","Please use only letters (a-z), numbers (0-9) or underscore(_) in this field, first character should be a letter.":"Bitte nur Buchstaben (a-z), Ziffern (0-9) oder Unterstriche (_) in diesem Feld verwenden, das erste Zeichen muss ein Buchstabe sein.","Please use only letters (a-z or A-Z) or numbers (0-9) only in this field. No spaces or other characters are allowed.":"Bitte nur Buchstaben (a-z oder A-Z) oder Ziffern (0-9) in diesem Feld verwenden. Leerzeichen oder andere Zeichen sind nicht erlaubt.","Please use only letters (a-z or A-Z) or numbers (0-9) or spaces and # only in this field.":"Bitte nur Buchstaben (a-z oder A-Z), Ziffern (0-9), Leerzeichen oder # f\u00fcr dieses Feld verwenden.","Please enter a valid phone number. For example (123) 456-7890 or 123-456-7890.":"Bitte geben Sie eine g\u00fcltige Telefonnummer ein. Zum Beispiel (123) 456-7890 oder 123-456-7890.","Please enter a valid fax number. For example (123) 456-7890 or 123-456-7890.":"Bitte tragen Sie eine g\u00fcltige Faxnummer ein. Zum Beispiel (123) 456-7890 oder 123-456-7890.","Please enter a valid date.":"Bitte geben Sie ein g\u00fcltiges Datum ein.","Please enter a valid email address. For example johndoe@domain.com.":"Bitte geben Sie eine g\u00fcltige E-Mail Adresse ein. Zum Beispiel johndoe@domain.de.","Please use only visible characters and spaces.":"Bitte nur sichtbare Zeichen verwenden.","Please enter 6 or more characters. Leading or trailing spaces will be ignored.":"Bitte geben Sie 6 oder mehr Zeichen ein. Leerzeichen am Anfang oder Ende der Zeichenkette werden entfernt.","Please enter 7 or more characters. Password should contain both numeric and alphabetic characters.":"Bitte geben Sie 7 oder mehr Zeichen ein. Ein Passwort sollte sowohl aus Ziffern wie aus Buchstaben bestehen.","Please make sure your passwords match.":"Bitte stellen Sie sicher, dass die beiden Passworte identisch sind.","Please enter a valid URL. Protocol is required (http:\/\/, https:\/\/ or ftp:\/\/)":"Bitte geben Sie eine g\u00fcltige URL ein. M\u00f6gliche Protokolle (http:\/\/, https:\/\/ or ftp:\/\/)","Please enter a valid URL. For example http:\/\/www.example.com or www.example.com":"Bitte geben Sie eine g\u00fcltige URL ein. Zum Beispiel http:\/\/www.beispiel.de oder www.beispiel.de","Please enter a valid URL Key. For example \"example-page\", \"example-page.html\" or \"anotherlevel\/example-page\".":"Bitte geben Sie einen g\u00fcltigen URL-Bezeichner ein. Zum Beispiel \"beispiel-seite\", \"beispiel-seite.html\" or \"unterverzeichnis\/beispiel-seite\".","Please enter a valid XML-identifier. For example something_1, block5, id-4.":"Bitte geben Sie einen g\u00fcltigen XML-Identifizierer an. Zum Beispiel irgendetwas_1, block5, id-4.","Please enter a valid social security number. For example 123-45-6789.":"Bitte geben Sie eine g\u00fcltige Sozialversicherungsnummer ein. Zum Beispiel 123-45-6789.","Please enter a valid zip code. For example 90602 or 90602-1234.":"Bitte geben Sie eine g\u00fcltige Postleitzahl ein. Zum Beispiel 21335.","Please enter a valid zip code.":"Bitte geben Sie eine g\u00fcltige Postleitzahl ein.","Please use this date format: dd\/mm\/yyyy. For example 17\/03\/2006 for the 17th of March, 2006.":"Bitte verwenden Sie dieses Datumsformat: tt\/mm\/jjjj. Zum Beispiel 17\/03\/2006 f\u00fcr den 17. M\u00e4rz 2006.","Please enter a valid $ amount. For example $100.00.":"Bitte geben Sie einen g\u00fcltigen Betrag ein. Zum Beispiel 100,00 \u20ac.","Please select one of the above options.":"Bitte w\u00e4hlen Sie eine der oberen Optionen.","Please select one of the options.":"Bitte w\u00e4hlen Sie eine der Optionen.","Please select State\/Province.":"Bitte Land\/Bundesland w\u00e4hlen.","Please enter a number greater than 0 in this field.":"Bitte geben Sie eine Zahl gr\u00f6\u00dfer 0 in dieses Feld ein.","Please enter a number 0 or greater in this field.":"Bitte tragen Sie eine Zahl gr\u00f6\u00dfer\/gleich 0 in dieses Feld ein.","Please enter a valid credit card number.":"Bitte geben Sie eine g\u00fcltige Kreditkartennummer ein.","Credit card number does not match credit card type.":"Kreditkartennummer entspricht nicht Kreditkartentyp.","Card type does not match credit card number.":"Kreditkartenart entspricht nicht der angegeben Kreditkartennummer.","Incorrect credit card expiration date.":"Falsches Kreditkarten Ablaufdatum.","Please enter a valid credit card verification number.":"Bitte tragen Sie eine g\u00fcltige Kreditkarten-Pr\u00fcfnummer ein.","Please use only letters (a-z or A-Z), numbers (0-9) or underscore(_) in this field, first character should be a letter.":"Bitte nur Buchstaben (a-z oder A-Z), Ziffern (0-9) oder Unterstriche (_) in diesem Feld verwenden, das erste Zeichen muss ein Buchstabe sein.","Please input a valid CSS-length. For example 100px or 77pt or 20em or .5ex or 50%.":"Bitte geben Sie eine g\u00fcltige CSS-L\u00e4nge an. Beispielsweise 100px, 77pt, 20em, .5ex oder 50%.","Text length does not satisfy specified text range.":"Text L\u00e4nge entspricht nicht der gesetzten Bereichs.","Please enter a number lower than 100.":"Bitte tragen Sie keine Zahl gr\u00f6\u00dfer\/gleich 100 in dieses Feld ein.","Please select a file":"Bitte w\u00e4hlen Sie eine Datei","Please enter issue number or start date for switch\/solo card type.":"Bitte geben Sie eine Vorgangsnummer oder ein Startdatum switch\/solo Karten an.","Please wait, loading...":"Bitte warten, wird geladen\u2026","This date is a required value.":"Das Datum ist eine ben\u00f6tigte Angabe.","Please enter a valid day (1-%d).":"Bitte geben Sie einen g\u00fcltigen Tag (1-%d) an.","Please enter a valid month (1-12).":"Bitte geben Sie einen g\u00fcltigen Monat (1-12) an.","Please enter a valid year (1900-%d).":"Bitte geben Sie ein g\u00fcltiges Jahr (1900-%d) an.","Please enter a valid full date":"Bitte geben Sie eine vollst\u00e4ndiges, g\u00fcltiges Datum an","Please enter a valid date between %s and %s":"Bitte geben Sie ein g\u00fcltiges Datum zwischen dem %s und %s an","Please enter a valid date equal to or greater than %s":"Bitte geben Sie ein g\u00fcltiges Datum am oder nach dem %s an","Please enter a valid date less than or equal to %s":"Bitte geben Sie ein g\u00fcltiges Datum am oder vor dem %s an","Complete":"Vollst\u00e4ndig","Add Products":"Artikel hinzuf\u00fcgen","Please choose to register or to checkout as a guest":"Bitte registrieren Sie sich, oder gehen Sie als Gast zur Kasse","Your order cannot be completed at this time as there is no shipping methods available for it. Please make necessary changes in your shipping address.":"Ihre Bestellung kann momentan nicht abgeschlossen werden, da keine Versandarten daf\u00fcr verf\u00fcgbar sind.","Please specify payment method.":"Bitte bestimmen Sie die Bezahlmethode.","Your order cannot be completed at this time as there is no payment methods available for it.":"Ihre Bestellung kann momentan nicht abgeschlossen werden, da keine Bezahlmethoden daf\u00fcr verf\u00fcgbar sind."});
//]]></script><script src="/js/cookiebar/newcookieconsent.min.js"></script><script type="text/javascript" charset="UTF-8">
document.addEventListener('DOMContentLoaded', function () {
cookieconsent.run({"notice_banner_type":"simple","consent_type":"express","palette":"light","language":"de","page_load_consent_levels":["strictly-necessary"],"notice_banner_reject_button_hide":false,"preferences_center_close_button_hide":false,"website_name":"Essbare Landschaften","website_privacy_policy_url":"https://www.essbare-landschaften.de/datenschutzhinweis/"});
});
</script><!--<script src="/js/googletagmanager/googletagmanager_base.js" type="text/plain" cookie-consent="tracking"></script>--><script type="text/javascript">
//<![CDATA[
var searchForm = new Varien.searchForm('search_mini_form', 'search', 'Gesamten Shop durchsuchen…');
searchForm.initAutocomplete('https://www.essbare-landschaften.de/catalogsearch/ajax/suggest/', 'search_autocomplete');
//]]>
</script><script>
//<![CDATA[
var activateMobileMenu = function()
{
if (jQuery(window).width() < 960)
{
jQuery('#mobnav').show();
jQuery('.vertnav-top').addClass('mobile');
jQuery('#nav').addClass('mobile');
}
else
{
jQuery('#nav').removeClass('mobile');
jQuery('.vertnav-top').removeClass('mobile');
jQuery('#mobnav').hide();
}
}
activateMobileMenu();
jQuery(window).resize(activateMobileMenu);
jQuery('#mobnav-trigger').toggle(function() {
jQuery('.vertnav-top').addClass('show');
jQuery(this).addClass('active');
}, function() {
jQuery('.vertnav-top').removeClass('show');
jQuery(this).removeClass('active');
});
//]]>
</script><script>
//<![CDATA[
var isTouchDevice = ('ontouchstart' in window) || (navigator.msMaxTouchPoints > 0);
jQuery(window).on("load", function() {
if (isTouchDevice)
{
jQuery('#nav a.level-top').click(function(e) {
$t = jQuery(this);
$parent = $t.parent();
if ($parent.hasClass('parent'))
{
if ( !$t.hasClass('menu-ready'))
{
jQuery('#nav a.level-top').removeClass('menu-ready');
$t.addClass('menu-ready');
return false;
}
else
{
$t.removeClass('menu-ready');
}
}
});
}
}); //end: on load
//]]>
</script><script>
//<![CDATA[
jQuery(function($) {
var owl = $('#slideshow-f24562dadd33a4d02f4f6e54d8cc2091');
owl.owlCarousel({
singleItem: true,
slideSpeed: 2000,
paginationSpeed: 2000,
autoPlay: 6000,
stopOnHover: true,
rewindNav: true,
rewindSpeed: 600,
transitionStyle: 'fade',
navigation: true,
}); //end: owl
});
//]]>
</script><script>
//<![CDATA[
jQuery(function($) {
var owl = $('#slideshow-23355bc4cd24fcff0143f729a68d5b2d');
owl.owlCarousel({
singleItem: true,
slideSpeed: 2000,
paginationSpeed: 2000,
autoPlay: 6000,
stopOnHover: true,
rewindNav: true,
rewindSpeed: 600,
transitionStyle: 'fade',
navigation: true,
}); //end: owl
});
//]]>
</script><script>
//<![CDATA[
jQuery(function($) {
var owl = $('#itemslider-featured-60c5db6e3e3a8aef5c025efb2d9a28c0');
owl.owlCarousel({
lazyLoad: true,
itemsCustom: [ [0, 1], [320, 2], [480, 3], [768, 4], [960, 5], [1280, 6] ],
responsiveRefreshRate: 50,
slideSpeed: 400,
paginationSpeed: 500,
scrollPerPage: true,
stopOnHover: true,
rewindNav: true,
rewindSpeed: 600,
pagination: true,
navigation: true
}); //end: owl
});
//]]>
</script><script>
//<![CDATA[
jQuery(function($) {
var owl = $('#itemslider-featured-686b3ce6027de5cd1a60401e260ae7fe');
owl.owlCarousel({
lazyLoad: true,
itemsCustom: [ [0, 1], [320, 2], [480, 3], [768, 4], [960, 5], [1280, 6] ],
responsiveRefreshRate: 50,
slideSpeed: 400,
paginationSpeed: 500,
scrollPerPage: true,
stopOnHover: true,
rewindNav: true,
rewindSpeed: 600,
pagination: true,
navigation: true
}); //end: owl
});
//]]>
</script><script>
//<![CDATA[
var gridItemsEqualHeightApplied = false;
function setGridItemsEqualHeight($)
{
var $list = $('.category-products-grid');
var $listItems = $list.children();
var centered = $list.hasClass('centered');
var gridItemMaxHeight = 0;
$listItems.each(function() {
$(this).css("height", "auto"); var $object = $(this).find('.actions');
if (centered)
{
var objectWidth = $object.width();
var availableWidth = $(this).width();
var space = availableWidth - objectWidth;
var leftOffset = space / 2;
$object.css("padding-left", leftOffset + "px"); }
var bottomOffset = parseInt($(this).css("padding-top"));
if (centered) bottomOffset += 10;
$object.css("bottom", bottomOffset + "px");
if ($object.is(":visible"))
{
var objectHeight = $object.height();
$(this).css("padding-bottom", (objectHeight + bottomOffset) + "px");
}
gridItemMaxHeight = Math.max(gridItemMaxHeight, $(this).height());
});
//Apply max height
$listItems.css("height", gridItemMaxHeight + "px");
gridItemsEqualHeightApplied = true;
}
jQuery(function($) {
$('.collapsible').each(function(index) {
$(this).prepend('<span class="opener">&nbsp;</span>');
if ($(this).hasClass('active'))
{
$(this).children('.block-content').css('display', 'block');
}
else
{
$(this).children('.block-content').css('display', 'none');
}
});
$('.collapsible .opener').click(function() {
var parent = $(this).parent();
if (parent.hasClass('active'))
{
$(this).siblings('.block-content').stop(true).slideUp(300, "easeOutCubic");
parent.removeClass('active');
}
else
{
$(this).siblings('.block-content').stop(true).slideDown(300, "easeOutCubic");
parent.addClass('active');
}
});
var ddOpenTimeout;
var dMenuPosTimeout;
var DD_DELAY_IN = 200;
var DD_DELAY_OUT = 0;
var DD_ANIMATION_IN = 0;
var DD_ANIMATION_OUT = 0;
$(".clickable-dropdown > .dropdown-toggle").click(function() {
$(this).parent().addClass('open');
$(this).parent().trigger('mouseenter');
});
$(".dropdown").hover(function() {
var ddToggle = $(this).children('.dropdown-toggle');
var ddMenu = $(this).children('.dropdown-menu');
var ddWrapper = ddMenu.parent();
ddMenu.css("left", "");
ddMenu.css("right", "");
if ($(this).hasClass('clickable-dropdown'))
{
if ($(this).hasClass('open'))
{
$(this).children('.dropdown-menu').stop(true, true).delay(DD_DELAY_IN).fadeIn(DD_ANIMATION_IN, "easeOutCubic");
}
}
else
{
clearTimeout(ddOpenTimeout);
ddOpenTimeout = setTimeout(function() {
ddWrapper.addClass('open');
}, DD_DELAY_IN);
//$(this).addClass('open');
$(this).children('.dropdown-menu').stop(true, true).delay(DD_DELAY_IN).fadeIn(DD_ANIMATION_IN, "easeOutCubic");
}
clearTimeout(dMenuPosTimeout);
dMenuPosTimeout = setTimeout(function() {
if (ddMenu.offset().left < 0)
{
var space = ddWrapper.offset().left; ddMenu.css("left", (-1)*space);
ddMenu.css("right", "auto");
}
}, DD_DELAY_IN);
}, function() {
var ddMenu = $(this).children('.dropdown-menu');
clearTimeout(ddOpenTimeout); ddMenu.stop(true, true).delay(DD_DELAY_OUT).fadeOut(DD_ANIMATION_OUT, "easeInCubic");
if (ddMenu.is(":hidden"))
{
ddMenu.hide();
}
$(this).removeClass('open');
});
$(".main").addClass("show-bg");
var windowScroll_t;
$(window).scroll(function(){
clearTimeout(windowScroll_t);
windowScroll_t = setTimeout(function() {
if ($(this).scrollTop() > 100)
{
$('#scroll-to-top').fadeIn();
}
else
{
$('#scroll-to-top').fadeOut();
}
}, 500);
});
$('#scroll-to-top').click(function(){
$("html, body").animate({scrollTop: 0}, 600, "easeOutCubic");
return false;
});
var startHeight;
var bpad;
$('.category-products-grid').on('mouseenter', '.item', function() {
if ($(window).width() >= 320)
{
if (gridItemsEqualHeightApplied === false)
{
return false;
}
startHeight = $(this).height();
$(this).css("height", "auto"); //Release height
$(this).find(".display-onhover").fadeIn(400, "easeOutCubic"); //Show elements visible on hover
var h2 = $(this).height();
////////////////////////////////////////////////////////////////
var addtocartHeight = 0;
var addtolinksHeight = 0;
var addtolinksEl = $(this).find('.add-to-links');
if (addtolinksEl.hasClass("addto-onimage") == false)
addtolinksHeight = addtolinksEl.innerHeight(); //.height();
var h3 = h2 + addtocartHeight + addtolinksHeight;
var diff = 0;
if (h3 < startHeight)
{
$(this).height(startHeight);
}
else
{
$(this).height(h3); diff = h3 - startHeight;
}
////////////////////////////////////////////////////////////////
$(this).css("margin-bottom", "-" + diff + "px");
}
}).on('mouseleave', '.item', function() {
if ($(window).width() >= 320)
{
//Clean up
$(this).find(".display-onhover").stop(true).hide();
$(this).css("margin-bottom", "");
$(this).height(startHeight);
}
});
$('.products-grid, .products-list').on('mouseenter', '.item', function() {
$(this).find(".alt-img").fadeIn(400, "easeOutCubic");
}).on('mouseleave', '.item', function() {
$(this).find(".alt-img").stop(true).fadeOut(400, "easeOutCubic");
});
$('.fade-on-hover').on('mouseenter', function() {
$(this).animate({opacity: 0.75}, 300, 'easeInOutCubic');
}).on('mouseleave', function() {
$(this).stop(true).animate({opacity: 1}, 300, 'easeInOutCubic');
});
var winWidth = $(window).width();
var winHeight = $(window).height();
$(window).resize(
$.debounce(50, onEventResize)
); //end: resize
function onEventResize() {
var winNewWidth = $(window).width();
var winNewHeight = $(window).height();
if (winWidth != winNewWidth || winHeight != winNewHeight)
{
afterResize(); }
//Update window size variables
winWidth = winNewWidth;
winHeight = winNewHeight;
} //end: onEventResize
function afterResize() {
$(document).trigger("themeResize");
setGridItemsEqualHeight($);
$('.itemslider').each(function(index) {
var flex = $(this).data('flexslider');
if (flex != null)
{
flex.flexAnimate(0);
flex.resize();
}
});
var slideshow = $('.the-slideshow').data('flexslider');
if (slideshow != null)
{
slideshow.resize();
}
} //end: afterResize
}); /* end: jQuery(){...} */
jQuery(window).load(function(){
setGridItemsEqualHeight(jQuery);
}); /* end: jQuery(window).load(){...} */
//]]>
</script><script type="text/plain" cookie-consent="tracking">
//<![CDATA[
var _paq = _paq || [];
(function(){
var u="//stats.thpg.de/";
_paq.push(['setSiteId', 1]);
_paq.push(['setTrackerUrl', u+'matomo.php']);
_paq.push(['trackPageView']);
_paq.push(['enableLinkTracking']);
var d=document, g=d.createElement('script'), s=d.getElementsByTagName('script')[0]; g.type='text/javascript'; g.defer=true; g.async=true; g.src=u+'matomo.js';
s.parentNode.insertBefore(g,s); })();
</script>

<div id="cboxOverlay" style="display: none;"></div><div id="colorbox" class="" style="display: none; padding-bottom: 20px; padding-right: 20px;"><div id="cboxWrapper"><div><div id="cboxTopLeft" style="float: left;"></div><div id="cboxTopCenter" style="float: left;"></div><div id="cboxTopRight" style="float: left;"></div></div><div style="clear: left;"><div id="cboxMiddleLeft" style="float: left;"></div><div id="cboxContent" style="float: left;"><div id="cboxLoadedContent" style="width: 0px; height: 0px; overflow: hidden; float: left;"></div><div id="cboxLoadingOverlay" style="float: left;"></div><div id="cboxLoadingGraphic" style="float: left;"></div><div id="cboxTitle" style="float: left;"></div><div id="cboxCurrent" style="float: left;"></div><div id="cboxNext" style="float: left;"></div><div id="cboxPrevious" style="float: left;"></div><div id="cboxSlideshow" style="float: left;"></div><div id="cboxClose" style="float: left;"></div></div><div id="cboxMiddleRight" style="float: left;"></div></div><div style="clear: left;"><div id="cboxBottomLeft" style="float: left;"></div><div id="cboxBottomCenter" style="float: left;"></div><div id="cboxBottomRight" style="float: left;"></div></div></div><div style="position: absolute; width: 9999px; visibility: hidden; display: none;"></div></div></body></html>